Date/Time,Seconds,Volt,T1,T2,T3,T4,T5,T6,T7,T8,Cnt1,Cnt2,Cnt3,Cnt4,P1,P2,P3,P4,P5,P6,P7,P8,P9,P10,P11,P12,P13,P14,P15,P16,P17,P18,P19,P20,P21,P22,P23,P24,P25,P26,P27,P28,P29,P30,P31,P32,kWh1,kWh2,kWh3,kWh4,kWh5,kWh6,kWh7,kWh8,kWh9,kWh10,kWh11,kWh12,kWh13,kWh14,kWh15,kWh16,kWh17,kWh18,kWh19,kWh20,kWh21,kWh22,kWh23,kWh24,kWh25,kWh26,kWh27,kWh28,kWh29,kWh30,kWh31,kWh32
2014-07-16 14:54:17,18,104.8,.0 C,.0 C,.0 C,.0 C,.0 C,.0 C,.0 C,.0 C,0,0,0,0, 0 W, 0 W, 0 W, 0 W, 0 W, 106 W, 1 W, 1 W, 0 W, 0 W, 95 W, 3 W, 15 W, 11 W, 0 W, 0 W, 0 W, 0 W, 0 W, 0 W, 0 W, 3 W, 0 W, 18 W, 3 W, 1 W, 0 W, 0 W, 0 W, 0 W, 0 W, 12 W,.000,.000,.000,.000,.000,.001,.000,.000,.000,.000,.000,.000,.000,.000,.000,.000,.000,.000,.000,.000,.000,.000,.000,.000,.000,.000,.000,.000,.000,.000,.000,.000
2014-07-16 14:55:32,90,104.8,.0 C,.0 C,.0 C,.0 C,.0 C,.0 C,.0 C,.0 C,0,0,0,0, 0 W, 0 W, 0 W, 0 W, 0 W, 103 W, 1 W, 1 W, 0 W, 0 W, 95 W, 3 W, 15 W, 11 W, 0 W, 0 W, 0 W, 0 W, 0 W, 0 W, 0 W, 3 W, 0 W, 18 W, 3 W, 1 W, 0 W, 0 W, 0 W, 0 W, 0 W, 10 W,.000,.000,.000,.000,.000,.003,.000,.000,.000,.000,.002,.000,.000,.000,.000,.000,.000,.000,.000,.000,.000,.000,.000,.000,.000,.000,.000,.000,.000,.000,.000,.000
2014-07-16 14:57:32,210,105.1,.0 C,.0 C,.0 C,.0 C,.0 C,.0 C,.0 C,.0 C,0,0,0,0, 0 W, 0 W, 0 W, 0 W, 0 W, 101 W, 1 W, 1 W, 0 W, 0 W, 95 W, 3 W, 15 W, 12 W, 0 W, 0 W, 0 W, 0 W, 0 W, 0 W, 0 W, 3 W, 0 W, 18 W, 3 W, 0 W, 0 W, 0 W, 0 W, 0 W, 0 W, 10 W,.000,.000,.000,.000,.000,.006,.000,.000,.000,.000,.006,.000,.001,.001,.000,.000,.000,.000,.000,.000,.000,.000,.000,.001,.000,.000,.000,.000,.000,.000,.000,.001
2014-07-16 14:59:32,330,104.5,.0 C,.0 C,.0 C,.0 C,.0 C,.0 C,.0 C,.0 C,0,0,0,0, 0 W, 0 W, 0 W, 0 W, 0 W, 99 W, 1 W, 1 W, 0 W, 0 W, 15 W, 3 W, 15 W, 11 W, 0 W, 0 W, 0 W, 0 W, 0 W, 0 W, 0 W, 3 W, 0 W, 18 W, 3 W, 0 W, 0 W, 0 W, 0 W, 0 W, 0 W, 38 W,.000,.000,.000,.000,.000,.009,.000,.000,.000,.000,.006,.000,.001,.001,.000,.000,.000,.000,.000,.000,.000,.000,.000,.002,.000,.000,.000,.000,.000,.000,.000,.002
2014-07-16 15:01:32,450,105.1,.0 C,.0 C,.0 C,.0 C,.0 C,.0 C,.0 C,.0 C,0,0,0,0, 0 W, 0 W, 0 W, 0 W, 0 W, 97 W, 1 W, 1 W, 0 W, 0 W, 0 W, 3 W, 15 W, 11 W, 0 W, 0 W, 0 W, 0 W, 0 W, 0 W, 0 W, 3 W, 0 W, 18 W, 3 W, 0 W, 0 W, 0 W, 0 W, 0 W, 0 W, 43 W,.000,.000,.000,.000,.000,.013,.000,.000,.000,.000,.006,.000,.002,.001,.000,.000,.000,.000,.000,.000,.000,.000,.000,.002,.000,.000,.000,.000,.000,.000,.000,.003
2014-07-16 15:03:32,570,104.5,.0 C,.0 C,.0 C,.0 C,.0 C,.0 C,.0 C,.0 C,0,0,0,0, 0 W, 0 W, 0 W, 0 W, 0 W, 96 W, 1 W, 101 W, 0 W, 0 W, 0 W, 3 W, 15 W, 11 W, 0 W, 0 W, 0 W, 0 W, 0 W, 0 W, 0 W, 3 W, 0 W, 18 W, 3 W, 1 W, 0 W, 0 W, 0 W, 0 W, 0 W, 78 W,.000,.000,.000,.000,.000,.016,.000,.004,.000,.000,.006,.001,.003,.002,.000,.000,.000,.000,.000,.000,.000,.000,.000,.003,.000,.000,.000,.000,.000,.000,.000,.006
2014-07-16 15:05:32,690,104.3,.0 C,.0 C,.0 C,.0 C,.0 C,.0 C,.0 C,.0 C,0,0,0,0, 0 W, 0 W, 0 W, 0 W, 0 W, 55 W, 1 W, 96 W, 0 W, 0 W, 0 W, 3 W, 15 W, 11 W, 0 W, 0 W, 0 W, 0 W, 0 W, 0 W, 0 W, 3 W, 0 W, 18 W, 3 W, 0 W, 0 W, 0 W, 0 W, 0 W, 0 W, 62 W,.000,.000,.000,.000,.000,.018,.000,.007,.000,.000,.006,.001,.003,.002,.000,.000,.000,.000,.000,.000,.000,.001,.000,.004,.001,.000,.000,.000,.000,.000,.000,.008
2014-07-16 15:07:32,810,105.1,.0 C,.0 C,.0 C,.0 C,.0 C,.0 C,.0 C,.0 C,0,0,0,0, 0 W, 0 W, 0 W, 0 W, 0 W, 0 W, 1 W, 94 W, 0 W, 0 W, 0 W, 3 W, 15 W, 11 W, 0 W, 0 W, 0 W, 0 W, 0 W, 0 W, 0 W, 3 W, 0 W, 18 W, 3 W, 1 W, 0 W, 0 W, 0 W, 0 W, 0 W, 41 W,.000,.000,.000,.000,.000,.018,.000,.010,.000,.000,.006,.001,.004,.003,.000,.000,.000,.000,.000,.000,.000,.001,.000,.004,.001,.000,.000,.000,.000,.000,.000,.009
2014-07-16 15:09:32,930,104.9,.0 C,.0 C,.0 C,.0 C,.0 C,.0 C,.0 C,.0 C,0,0,0,0, 0 W, 0 W, 0 W, 0 W, 0 W, 0 W, 1 W, 92 W, 0 W, 0 W, 0 W, 3 W, 15 W, 11 W, 0 W, 0 W, 0 W, 0 W, 0 W, 0 W, 0 W, 3 W, 0 W, 18 W, 3 W, 0 W, 0 W, 0 W, 0 W, 0 W, 0 W, 41 W,.000,.000,.000,.000,.000,.018,.000,.013,.000,.000,.006,.001,.004,.003,.000,.000,.000,.000,.000,.000,.000,.001,.000,.005,.001,.000,.000,.000,.000,.000,.000,.011
2014-07-16 15:11:32,1050,104.6,.0 C,.0 C,.0 C,.0 C,.0 C,.0 C,.0 C,.0 C,0,0,0,0, 0 W, 0 W, 0 W, 0 W, 0 W, 0 W, 1 W, 80 W, 0 W, 0 W, 0 W, 3 W, 15 W, 11 W, 0 W, 0 W, 0 W, 0 W, 0 W, 0 W, 0 W, 3 W, 0 W, 18 W, 3 W, 0 W, 0 W, 0 W, 0 W, 0 W, 0 W, 36 W,.000,.000,.000,.000,.000,.018,.000,.016,.000,.000,.006,.001,.005,.003,.000,.000,.000,.000,.000,.000,.000,.001,.000,.005,.001,.000,.000,.000,.000,.000,.000,.012
2014-07-16 15:13:32,1170,105,.0 C,.0 C,.0 C,.0 C,.0 C,.0 C,.0 C,.0 C,0,0,0,0, 0 W, 0 W, 0 W, 0 W, 0 W, 0 W, 1 W, 1 W, 0 W, 0 W, 0 W, 3 W, 15 W, 11 W, 0 W, 0 W, 0 W, 0 W, 0 W, 0 W, 0 W, 3 W, 0 W, 18 W, 3 W, 0 W, 0 W, 0 W, 0 W, 0 W, 0 W, 7 W,.000,.000,.000,.000,.000,.018,.000,.016,.000,.000,.006,.001,.005,.004,.000,.000,.000,.000,.000,.000,.000,.001,.000,.006,.001,.000,.000,.000,.000,.000,.000,.012
2014-07-16 15:15:32,1290,104.6,.0 C,.0 C,.0 C,.0 C,.0 C,.0 C,.0 C,.0 C,0,0,0,0, 0 W, 0 W, 0 W, 0 W, 0 W, 0 W, 1 W, 2 W, 0 W, 0 W, 0 W, 3 W, 15 W, 11 W, 0 W, 0 W, 0 W, 0 W, 0 W, 0 W, 0 W, 3 W, 0 W, 18 W, 3 W, 0 W, 0 W, 0 W, 0 W, 0 W, 0 W, 8 W,.000,.000,.000,.000,.000,.018,.000,.016,.000,.000,.006,.001,.006,.004,.000,.000,.000,.000,.000,.000,.000,.001,.000,.007,.001,.000,.000,.000,.000,.000,.000,.013
2014-07-16 15:17:32,1410,104.7,.0 C,.0 C,.0 C,.0 C,.0 C,.0 C,.0 C,.0 C,0,0,0,0, 0 W, 0 W, 0 W, 0 W, 0 W, 0 W, 1 W, 4 W, 0 W, 0 W, 0 W, 3 W, 15 W, 11 W, 0 W, 0 W, 0 W, 0 W, 0 W, 0 W, 0 W, 3 W, 0 W, 18 W, 3 W, 0 W, 0 W, 0 W, 0 W, 0 W, 0 W, 8 W,.000,.000,.000,.000,.000,.018,.001,.016,.000,.000,.006,.001,.006,.005,.000,.000,.000,.000,.000,.000,.000,.001,.000,.007,.001,.000,.000,.000,.000,.000,.000,.013
2014-07-16 15:19:32,1530,105.1,.0 C,.0 C,.0 C,.0 C,.0 C,.0 C,.0 C,.0 C,0,0,0,0, 0 W, 0 W, 0 W, 0 W, 0 W, 0 W, 1 W, 4 W, 0 W, 0 W, 0 W, 3 W, 15 W, 11 W, 0 W, 0 W, 0 W, 0 W, 0 W, 0 W, 0 W, 3 W, 0 W, 18 W, 3 W, 0 W, 0 W, 0 W, 0 W, 0 W, 0 W, 8 W,.000,.000,.000,.000,.000,.018,.001,.016,.000,.000,.006,.001,.007,.005,.000,.000,.000,.000,.000,.000,.000,.001,.000,.008,.001,.000,.000,.000,.000,.000,.000,.013
2014-07-16 15:21:32,1650,104.8,.0 C,.0 C,.0 C,.0 C,.0 C,.0 C,.0 C,.0 C,0,0,0,0, 0 W, 0 W, 0 W, 0 W, 0 W, 0 W, 1 W, 4 W, 0 W, 0 W, 0 W, 3 W, 15 W, 11 W, 0 W, 0 W, 0 W, 0 W, 0 W, 0 W, 0 W, 3 W, 0 W, 18 W, 3 W, 1 W, 0 W, 0 W, 0 W, 0 W, 0 W, 8 W,.000,.000,.000,.000,.000,.018,.001,.016,.000,.000,.006,.002,.007,.005,.000,.000,.000,.000,.000,.000,.000,.001,.000,.009,.001,.000,.000,.000,.000,.000,.000,.013
2014-07-16 15:23:32,1770,104.8,.0 C,.0 C,.0 C,.0 C,.0 C,.0 C,.0 C,.0 C,0,0,0,0, 0 W, 0 W, 0 W, 0 W, 0 W, 0 W, 1 W, 4 W, 0 W, 0 W, 26 W, 3 W, 15 W, 11 W, 0 W, 0 W, 0 W, 0 W, 0 W, 0 W, 0 W, 3 W, 0 W, 20 W, 3 W, 0 W, 0 W, 0 W, 0 W, 0 W, 0 W, 16 W,.000,.000,.000,.000,.000,.018,.001,.016,.000,.000,.007,.002,.008,.006,.000,.000,.000,.000,.000,.000,.000,.002,.000,.009,.001,.000,.000,.000,.000,.000,.000,.014
2014-07-16 15:25:32,1890,104.9,.0 C,.0 C,.0 C,.0 C,.0 C,.0 C,.0 C,.0 C,0,0,0,0, 0 W, 0 W, 0 W, 0 W, 0 W, 0 W, 1 W, 4 W, 0 W, 0 W, 107 W, 3 W, 15 W, 11 W, 0 W, 0 W, 0 W, 0 W, 0 W, 0 W, 0 W, 3 W, 0 W, 19 W, 3 W, 0 W, 0 W, 0 W, 0 W, 0 W, 0 W, 29 W,.000,.000,.000,.000,.000,.018,.001,.016,.000,.000,.011,.002,.008,.006,.000,.000,.000,.000,.000,.000,.000,.002,.000,.010,.002,.001,.000,.000,.000,.000,.000,.015
2014-07-16 15:27:32,2010,105,.0 C,.0 C,.0 C,.0 C,.0 C,.0 C,.0 C,.0 C,0,0,0,0, 0 W, 0 W, 0 W, 0 W, 0 W, 0 W, 1 W, 106 W, 0 W, 0 W, 98 W, 3 W, 15 W, 11 W, 0 W, 0 W, 0 W, 0 W, 0 W, 0 W, 0 W, 3 W, 0 W, 19 W, 3 W, 0 W, 0 W, 0 W, 0 W, 0 W, 0 W, 17 W,.000,.000,.000,.000,.000,.018,.001,.020,.000,.000,.014,.002,.009,.007,.000,.000,.000,.000,.000,.000,.000,.002,.000,.011,.002,.001,.000,.000,.000,.000,.000,.016
2014-07-16 15:29:32,2130,104.9,.0 C,.0 C,.0 C,.0 C,.0 C,.0 C,.0 C,.0 C,0,0,0,0, 0 W, 0 W, 0 W, 0 W, 0 W, 0 W, 1 W, 104 W, 0 W, 0 W, 97 W, 3 W, 15 W, 11 W, 0 W, 0 W, 0 W, 0 W, 0 W, 0 W, 0 W, 3 W, 0 W, 19 W, 3 W, 1 W, 0 W, 0 W, 0 W, 0 W, 0 W, 10 W,.000,.000,.000,.000,.000,.018,.001,.024,.000,.000,.017,.002,.009,.007,.000,.000,.000,.000,.000,.000,.000,.002,.000,.011,.002,.001,.000,.000,.000,.000,.000,.016
2014-07-16 15:31:32,2250,105.1,.0 C,.0 C,.0 C,.0 C,.0 C,.0 C,.0 C,.0 C,0,0,0,0, 0 W, 0 W, 0 W, 0 W, 0 W, 0 W, 1 W, 102 W, 0 W, 0 W, 96 W, 3 W, 15 W, 11 W, 0 W, 0 W, 0 W, 0 W, 0 W, 0 W, 0 W, 3 W, 0 W, 19 W, 3 W, 1 W, 0 W, 0 W, 0 W, 0 W, 0 W, 9 W,.000,.000,.000,.000,.000,.018,.001,.027,.000,.000,.020,.002,.010,.007,.000,.000,.000,.000,.000,.000,.000,.002,.000,.012,.002,.001,.000,.000,.000,.000,.000,.016
2014-07-16 15:33:32,2370,104.7,.0 C,.0 C,.0 C,.0 C,.0 C,.0 C,.0 C,.0 C,0,0,0,0, 0 W, 0 W, 0 W, 0 W, 0 W, 0 W, 1 W, 99 W, 0 W, 0 W, 95 W, 3 W, 15 W, 11 W, 0 W, 0 W, 0 W, 0 W, 0 W, 0 W, 0 W, 3 W, 0 W, 18 W, 3 W, 1 W, 0 W, 0 W, 0 W, 0 W, 0 W, 8 W,.000,.000,.000,.000,.000,.018,.001,.030,.000,.000,.023,.002,.010,.008,.000,.000,.000,.000,.000,.000,.000,.002,.000,.012,.002,.001,.000,.000,.000,.000,.000,.017
2014-07-16 15:35:32,2490,104.6,.0 C,.0 C,.0 C,.0 C,.0 C,.0 C,.0 C,.0 C,0,0,0,0, 0 W, 0 W, 0 W, 0 W, 0 W, 0 W, 1 W, 94 W, 0 W, 0 W, 78 W, 3 W, 15 W, 11 W, 0 W, 0 W, 0 W, 0 W, 0 W, 0 W, 0 W, 3 W, 0 W, 18 W, 3 W, 1 W, 0 W, 0 W, 0 W, 0 W, 0 W, 12 W,.000,.000,.000,.000,.000,.018,.001,.033,.000,.000,.026,.002,.011,.008,.000,.000,.000,.000,.000,.000,.000,.002,.000,.013,.002,.001,.000,.000,.000,.000,.000,.017
2014-07-16 15:37:32,2610,105,.0 C,.0 C,.0 C,.0 C,.0 C,.0 C,.0 C,.0 C,0,0,0,0, 0 W, 0 W, 0 W, 0 W, 0 W, 0 W, 1 W, 92 W, 0 W, 0 W, 0 W, 3 W, 15 W, 11 W, 0 W, 0 W, 0 W, 0 W, 0 W, 0 W, 0 W, 3 W, 0 W, 18 W, 3 W, 0 W, 0 W, 0 W, 0 W, 0 W, 0 W, 41 W,.000,.000,.000,.000,.000,.018,.001,.037,.000,.000,.026,.003,.011,.009,.000,.000,.000,.000,.000,.000,.000,.002,.000,.014,.002,.001,.000,.000,.000,.000,.000,.018
2014-07-16 15:39:32,2730,104.6,.0 C,.0 C,.0 C,.0 C,.0 C,.0 C,.0 C,.0 C,0,0,0,0, 0 W, 0 W, 0 W, 0 W, 0 W, 59 W, 1 W, 90 W, 0 W, 0 W, 0 W, 3 W, 15 W, 11 W, 0 W, 0 W, 0 W, 0 W, 0 W, 0 W, 0 W, 3 W, 0 W, 18 W, 3 W, 1 W, 0 W, 0 W, 0 W, 0 W, 0 W, 62 W,.000,.000,.000,.000,.000,.020,.001,.040,.000,.000,.026,.003,.012,.009,.000,.000,.000,.000,.000,.000,.000,.002,.000,.014,.002,.001,.000,.000,.000,.000,.000,.020
2014-07-16 15:41:32,2850,104,.0 C,.0 C,.0 C,.0 C,.0 C,.0 C,.0 C,.0 C,0,0,0,0, 0 W, 0 W, 0 W, 0 W, 0 W, 105 W, 1 W, 14 W, 0 W, 0 W, 0 W, 3 W, 15 W, 11 W, 0 W, 0 W, 0 W, 0 W, 0 W, 0 W, 0 W, 3 W, 0 W, 18 W, 3 W, 1 W, 0 W, 0 W, 0 W, 0 W, 0 W, 50 W,.000,.000,.000,.000,.000,.023,.001,.040,.000,.000,.026,.003,.013,.009,.000,.000,.000,.000,.000,.000,.000,.002,.000,.015,.002,.001,.000,.000,.000,.000,.000,.022
2014-07-16 15:43:32,2970,103.8,.0 C,.0 C,.0 C,.0 C,.0 C,.0 C,.0 C,.0 C,0,0,0,0, 0 W, 0 W, 0 W, 0 W, 0 W, 101 W, 1 W, 1 W, 0 W, 0 W, 0 W, 3 W, 15 W, 11 W, 0 W, 0 W, 0 W, 0 W, 0 W, 0 W, 0 W, 3 W, 0 W, 18 W, 3 W, 1 W, 0 W, 0 W, 0 W, 0 W, 0 W, 44 W,.000,.000,.000,.000,.000,.027,.001,.040,.000,.000,.026,.003,.013,.010,.000,.000,.000,.000,.000,.000,.000,.003,.000,.016,.002,.001,.000,.000,.000,.000,.000,.024
2014-07-16 15:45:32,3090,104.3,.0 C,.0 C,.0 C,.0 C,.0 C,.0 C,.0 C,.0 C,0,0,0,0, 0 W, 0 W, 0 W, 0 W, 0 W, 99 W, 1 W, 1 W, 0 W, 0 W, 0 W, 3 W, 15 W, 11 W, 0 W, 0 W, 0 W, 0 W, 0 W, 0 W, 0 W, 3 W, 0 W, 18 W, 3 W, 1 W, 0 W, 0 W, 0 W, 0 W, 0 W, 43 W,.000,.000,.000,.000,.000,.030,.001,.040,.000,.000,.026,.003,.014,.010,.000,.000,.000,.000,.000,.000,.000,.003,.000,.016,.003,.001,.000,.000,.000,.000,.000,.025
2014-07-16 15:47:32,3210,104.6,.0 C,.0 C,.0 C,.0 C,.0 C,.0 C,.0 C,.0 C,0,0,0,0, 0 W, 0 W, 0 W, 0 W, 0 W, 97 W, 1 W, 1 W, 0 W, 0 W, 0 W, 3 W, 15 W, 11 W, 0 W, 0 W, 0 W, 0 W, 0 W, 0 W, 0 W, 3 W, 0 W, 20 W, 3 W, 1 W, 0 W, 0 W, 0 W, 0 W, 0 W, 43 W,.000,.000,.000,.000,.000,.033,.001,.040,.000,.000,.026,.003,.014,.010,.000,.000,.000,.000,.000,.000,.000,.003,.000,.017,.003,.001,.000,.000,.000,.000,.000,.027
2014-07-16 15:49:32,3330,104.2,.0 C,.0 C,.0 C,.0 C,.0 C,.0 C,.0 C,.0 C,0,0,0,0, 0 W, 0 W, 0 W, 0 W, 0 W, 95 W, 1 W, 1 W, 0 W, 0 W, 0 W, 3 W, 15 W, 11 W, 0 W, 0 W, 0 W, 0 W, 0 W, 0 W, 0 W, 3 W, 0 W, 19 W, 3 W, 1 W, 0 W, 0 W, 0 W, 0 W, 0 W, 42 W,.000,.000,.000,.000,.000,.036,.001,.040,.000,.000,.026,.003,.015,.011,.000,.000,.000,.000,.000,.000,.000,.003,.000,.018,.003,.001,.000,.000,.000,.000,.000,.028
2014-07-16 15:51:32,3450,105.3,.0 C,.0 C,.0 C,.0 C,.0 C,.0 C,.0 C,.0 C,0,0,0,0, 0 W, 0 W, 0 W, 0 W, 0 W, 65 W, 1 W, 1 W, 0 W, 0 W, 0 W, 3 W, 15 W, 11 W, 0 W, 0 W, 0 W, 0 W, 0 W, 0 W, 0 W, 3 W, 0 W, 19 W, 3 W, 1 W, 0 W, 0 W, 0 W, 0 W, 0 W, 32 W,.000,.000,.000,.000,.000,.039,.001,.040,.000,.000,.026,.003,.015,.011,.000,.000,.000,.000,.000,.000,.000,.003,.000,.018,.003,.001,.000,.000,.000,.000,.000,.029
2014-07-16 15:53:32,3570,105.3,.0 C,.0 C,.0 C,.0 C,.0 C,.0 C,.0 C,.0 C,0,0,0,0, 0 W, 0 W, 0 W, 0 W, 0 W, 0 W, 1 W, 1 W, 0 W, 0 W, 0 W, 3 W, 15 W, 11 W, 0 W, 0 W, 0 W, 0 W, 0 W, 0 W, 0 W, 4 W, 0 W, 19 W, 3 W, 1 W, 0 W, 0 W, 0 W, 0 W, 0 W, 8 W,.000,.000,.000,.000,.000,.039,.001,.040,.000,.000,.026,.003,.016,.012,.000,.000,.000,.000,.000,.000,.000,.003,.000,.019,.003,.001,.000,.000,.000,.000,.000,.029
2014-07-16 15:55:32,3690,105.2,.0 C,.0 C,.0 C,.0 C,.0 C,.0 C,.0 C,.0 C,0,0,0,0, 0 W, 0 W, 0 W, 0 W, 0 W, 0 W, 1 W, 1 W, 0 W, 0 W, 0 W, 3 W, 15 W, 11 W, 0 W, 0 W, 0 W, 0 W, 0 W, 0 W, 0 W, 3 W, 0 W, 19 W, 3 W, 1 W, 0 W, 0 W, 0 W, 0 W, 0 W, 8 W,.000,.000,.000,.000,.000,.039,.001,.040,.000,.000,.026,.004,.016,.012,.000,.000,.000,.000,.000,.000,.000,.003,.000,.019,.003,.001,.000,.000,.000,.000,.000,.030
2014-07-16 15:57:32,3810,105.1,.0 C,.0 C,.0 C,.0 C,.0 C,.0 C,.0 C,.0 C,0,0,0,0, 0 W, 0 W, 0 W, 0 W, 0 W, 0 W, 1 W, 1 W, 0 W, 0 W, 0 W, 3 W, 15 W, 11 W, 0 W, 0 W, 0 W, 0 W, 0 W, 0 W, 0 W, 3 W, 0 W, 19 W, 3 W, 1 W, 0 W, 0 W, 0 W, 0 W, 0 W, 7 W,.000,.000,.000,.000,.000,.039,.001,.040,.000,.000,.026,.004,.017,.012,.000,.000,.000,.000,.000,.000,.000,.003,.000,.020,.003,.001,.000,.000,.000,.000,.000,.030
2014-07-16 15:59:32,3930,104.8,.0 C,.0 C,.0 C,.0 C,.0 C,.0 C,.0 C,.0 C,0,0,0,0, 0 W, 0 W, 0 W, 0 W, 0 W, 0 W, 1 W, 1 W, 0 W, 0 W, 0 W, 3 W, 15 W, 11 W, 0 W, 0 W, 0 W, 0 W, 0 W, 0 W, 0 W, 3 W, 0 W, 18 W, 3 W, 1 W, 0 W, 0 W, 0 W, 0 W, 0 W, 8 W,.000,.000,.000,.000,.000,.039,.001,.040,.000,.000,.026,.004,.017,.013,.000,.000,.000,.000,.000,.000,.000,.004,.000,.021,.003,.001,.000,.000,.000,.000,.000,.030
2014-07-16 16:01:32,4050,104.7,.0 C,.0 C,.0 C,.0 C,.0 C,.0 C,.0 C,.0 C,0,0,0,0, 0 W, 0 W, 0 W, 0 W, 0 W, 0 W, 1 W, 1 W, 0 W, 0 W, 67 W, 3 W, 15 W, 11 W, 0 W, 0 W, 0 W, 0 W, 0 W, 0 W, 0 W, 3 W, 0 W, 18 W, 3 W, 1 W, 0 W, 0 W, 0 W, 0 W, 0 W, 24 W,.000,.000,.000,.000,.000,.039,.001,.040,.000,.000,.028,.004,.018,.013,.000,.000,.000,.000,.000,.000,.000,.004,.000,.021,.003,.001,.000,.000,.000,.000,.000,.031
2014-07-16 16:03:32,4170,104.6,.0 C,.0 C,.0 C,.0 C,.0 C,.0 C,.0 C,.0 C,0,0,0,0, 0 W, 0 W, 0 W, 0 W, 0 W, 0 W, 1 W, 1 W, 0 W, 0 W, 101 W, 3 W, 15 W, 11 W, 0 W, 0 W, 0 W, 0 W, 0 W, 0 W, 0 W, 3 W, 0 W, 18 W, 3 W, 1 W, 0 W, 0 W, 0 W, 0 W, 0 W, 28 W,.000,.000,.000,.000,.000,.039,.001,.040,.000,.000,.032,.004,.018,.014,.000,.000,.000,.000,.000,.000,.000,.004,.000,.022,.004,.001,.000,.000,.000,.000,.000,.032
2014-07-16 16:05:32,4290,104.7,.0 C,.0 C,.0 C,.0 C,.0 C,.0 C,.0 C,.0 C,0,0,0,0, 0 W, 0 W, 0 W, 0 W, 0 W, 0 W, 1 W, 1 W, 0 W, 0 W, 98 W, 3 W, 15 W, 11 W, 0 W, 0 W, 0 W, 0 W, 0 W, 0 W, 0 W, 3 W, 0 W, 18 W, 3 W, 1 W, 0 W, 0 W, 0 W, 0 W, 0 W, 27 W,.000,.000,.000,.000,.000,.039,.002,.040,.000,.000,.035,.004,.019,.014,.000,.000,.000,.000,.000,.000,.000,.004,.000,.023,.004,.001,.000,.000,.000,.000,.000,.033
2014-07-16 16:07:32,4410,104.9,.0 C,.0 C,.0 C,.0 C,.0 C,.0 C,.0 C,.0 C,0,0,0,0, 0 W, 0 W, 0 W, 0 W, 0 W, 0 W, 1 W, 1 W, 0 W, 0 W, 96 W, 3 W, 15 W, 11 W, 0 W, 0 W, 0 W, 0 W, 0 W, 0 W, 0 W, 3 W, 0 W, 18 W, 3 W, 1 W, 0 W, 0 W, 0 W, 0 W, 0 W, 26 W,.000,.000,.000,.000,.000,.039,.002,.041,.000,.000,.038,.004,.019,.014,.000,.000,.000,.000,.000,.000,.000,.004,.000,.023,.004,.001,.000,.000,.000,.000,.000,.034
2014-07-16 16:09:32,4530,104.7,.0 C,.0 C,.0 C,.0 C,.0 C,.0 C,.0 C,.0 C,0,0,0,0, 0 W, 0 W, 0 W, 0 W, 0 W, 0 W, 1 W, 1 W, 0 W, 0 W, 96 W, 3 W, 15 W, 11 W, 0 W, 0 W, 0 W, 0 W, 0 W, 0 W, 0 W, 3 W, 0 W, 18 W, 3 W, 0 W, 0 W, 0 W, 0 W, 0 W, 0 W, 26 W,.000,.000,.000,.000,.000,.039,.002,.041,.000,.000,.041,.004,.020,.015,.000,.000,.000,.000,.000,.000,.000,.004,.000,.024,.004,.001,.000,.000,.000,.000,.000,.035
2014-07-16 16:11:32,4650,104.7,.0 C,.0 C,.0 C,.0 C,.0 C,.0 C,.0 C,.0 C,0,0,0,0, 0 W, 0 W, 0 W, 0 W, 0 W, 0 W, 1 W, 1 W, 0 W, 0 W, 95 W, 3 W, 15 W, 11 W, 0 W, 0 W, 0 W, 0 W, 0 W, 0 W, 0 W, 3 W, 0 W, 18 W, 3 W, 0 W, 0 W, 0 W, 0 W, 0 W, 0 W, 26 W,.000,.000,.000,.000,.000,.039,.002,.041,.000,.000,.045,.005,.020,.015,.000,.000,.000,.000,.000,.000,.000,.004,.000,.024,.004,.001,.000,.000,.000,.000,.000,.035
2014-07-16 16:13:32,4770,104.6,.0 C,.0 C,.0 C,.0 C,.0 C,.0 C,.0 C,.0 C,0,0,0,0, 0 W, 0 W, 0 W, 0 W, 0 W, 0 W, 1 W, 1 W, 0 W, 0 W, 54 W, 3 W, 15 W, 11 W, 0 W, 0 W, 0 W, 0 W, 0 W, 0 W, 0 W, 3 W, 0 W, 18 W, 3 W, 1 W, 0 W, 0 W, 0 W, 0 W, 0 W, 18 W,.000,.000,.000,.000,.000,.039,.002,.041,.000,.000,.046,.005,.021,.016,.000,.000,.000,.000,.000,.000,.000,.004,.000,.025,.004,.001,.000,.000,.000,.000,.000,.036
2014-07-16 16:15:32,4890,104.7,.0 C,.0 C,.0 C,.0 C,.0 C,.0 C,.0 C,.0 C,0,0,0,0, 0 W, 0 W, 0 W, 0 W, 0 W, 0 W, 1 W, 1 W, 0 W, 0 W, 0 W, 3 W, 15 W, 11 W, 0 W, 0 W, 0 W, 0 W, 0 W, 0 W, 0 W, 3 W, 0 W, 18 W, 3 W, 1 W, 0 W, 0 W, 0 W, 0 W, 0 W, 7 W,.000,.000,.000,.000,.000,.039,.002,.041,.000,.000,.046,.005,.021,.016,.000,.000,.000,.000,.000,.000,.000,.004,.000,.026,.004,.001,.000,.000,.000,.000,.000,.036
2014-07-16 16:17:32,5010,104.7,.0 C,.0 C,.0 C,.0 C,.0 C,.0 C,.0 C,.0 C,0,0,0,0, 0 W, 0 W, 0 W, 0 W, 0 W, 0 W, 1 W, 1 W, 0 W, 0 W, 0 W, 3 W, 15 W, 11 W, 0 W, 0 W, 0 W, 0 W, 0 W, 0 W, 0 W, 3 W, 0 W, 18 W, 3 W, 1 W, 0 W, 0 W, 0 W, 0 W, 0 W, 7 W,.000,.000,.000,.000,.000,.039,.002,.041,.000,.000,.046,.005,.022,.016,.000,.000,.000,.000,.000,.000,.000,.004,.000,.026,.004,.001,.000,.000,.000,.000,.000,.037
2014-07-16 16:19:32,5130,104.7,.0 C,.0 C,.0 C,.0 C,.0 C,.0 C,.0 C,.0 C,0,0,0,0, 0 W, 0 W, 0 W, 0 W, 0 W, 0 W, 1 W, 75 W, 0 W, 0 W, 0 W, 3 W, 15 W, 11 W, 0 W, 0 W, 0 W, 0 W, 0 W, 0 W, 0 W, 3 W, 0 W, 18 W, 3 W, 1 W, 0 W, 0 W, 0 W, 0 W, 0 W, 35 W,.000,.000,.000,.000,.000,.039,.002,.043,.000,.000,.046,.005,.023,.017,.000,.000,.000,.000,.000,.000,.000,.005,.000,.027,.004,.001,.000,.000,.000,.000,.000,.038
2014-07-16 16:21:32,5250,104.7,.0 C,.0 C,.0 C,.0 C,.0 C,.0 C,.0 C,.0 C,0,0,0,0, 0 W, 0 W, 0 W, 0 W, 0 W, 0 W, 1 W, 97 W, 0 W, 0 W, 0 W, 3 W, 15 W, 11 W, 0 W, 0 W, 0 W, 0 W, 0 W, 0 W, 0 W, 3 W, 0 W, 18 W, 3 W, 0 W, 0 W, 0 W, 0 W, 0 W, 0 W, 42 W,.000,.000,.000,.000,.000,.039,.002,.047,.000,.000,.046,.005,.023,.017,.000,.000,.000,.000,.000,.000,.000,.005,.000,.028,.004,.001,.000,.000,.000,.000,.000,.039
2014-07-16 16:23:31,5370,104.9,.0 C,.0 C,.0 C,.0 C,.0 C,.0 C,.0 C,.0 C,0,0,0,0, 0 W, 0 W, 0 W, 0 W, 0 W, 0 W, 1 W, 95 W, 0 W, 0 W, 0 W, 3 W, 15 W, 11 W, 0 W, 0 W, 0 W, 0 W, 0 W, 0 W, 0 W, 3 W, 0 W, 18 W, 3 W, 1 W, 0 W, 0 W, 0 W, 0 W, 0 W, 42 W,.000,.000,.000,.000,.000,.039,.002,.050,.000,.000,.046,.005,.024,.017,.000,.000,.000,.000,.000,.000,.000,.005,.000,.028,.005,.001,.000,.000,.000,.000,.000,.041
2014-07-16 16:25:31,5490,104.9,.0 C,.0 C,.0 C,.0 C,.0 C,.0 C,.0 C,.0 C,0,0,0,0, 0 W, 0 W, 0 W, 0 W, 0 W, 72 W, 1 W, 92 W, 0 W, 0 W, 0 W, 3 W, 15 W, 11 W, 0 W, 0 W, 0 W, 0 W, 0 W, 0 W, 0 W, 3 W, 0 W, 18 W, 3 W, 1 W, 0 W, 0 W, 0 W, 0 W, 0 W, 67 W,.000,.000,.000,.000,.000,.041,.002,.053,.000,.000,.046,.005,.024,.018,.000,.000,.000,.000,.000,.000,.000,.005,.000,.029,.005,.002,.000,.000,.000,.000,.000,.043
2014-07-16 16:27:31,5610,105.2,.0 C,.0 C,.0 C,.0 C,.0 C,.0 C,.0 C,.0 C,0,0,0,0, 0 W, 0 W, 0 W, 0 W, 0 W, 104 W, 1 W, 91 W, 0 W, 0 W, 0 W, 3 W, 15 W, 11 W, 0 W, 0 W, 0 W, 0 W, 0 W, 0 W, 0 W, 3 W, 0 W, 18 W, 3 W, 1 W, 0 W, 0 W, 0 W, 0 W, 0 W, 78 W,.000,.000,.000,.000,.000,.045,.002,.056,.000,.000,.046,.005,.025,.018,.000,.000,.000,.000,.000,.000,.000,.005,.000,.030,.005,.002,.000,.000,.000,.000,.000,.045
2014-07-16 16:29:31,5730,105.1,.0 C,.0 C,.0 C,.0 C,.0 C,.0 C,.0 C,.0 C,0,0,0,0, 0 W, 0 W, 0 W, 0 W, 0 W, 101 W, 1 W, 14 W, 0 W, 0 W, 0 W, 3 W, 15 W, 11 W, 0 W, 0 W, 0 W, 0 W, 0 W, 0 W, 0 W, 3 W, 0 W, 18 W, 3 W, 1 W, 0 W, 0 W, 0 W, 0 W, 0 W, 49 W,.000,.000,.000,.000,.000,.048,.002,.056,.000,.000,.046,.006,.025,.019,.000,.000,.000,.000,.000,.000,.000,.005,.000,.030,.005,.002,.000,.000,.000,.000,.000,.047
2014-07-16 16:31:31,5850,104.6,.0 C,.0 C,.0 C,.0 C,.0 C,.0 C,.0 C,.0 C,0,0,0,0, 0 W, 0 W, 0 W, 0 W, 0 W, 99 W, 1 W, 3 W, 0 W, 0 W, 0 W, 3 W, 15 W, 11 W, 0 W, 0 W, 0 W, 0 W, 0 W, 0 W, 0 W, 3 W, 0 W, 18 W, 3 W, 1 W, 0 W, 0 W, 0 W, 0 W, 0 W, 44 W,.000,.000,.000,.000,.000,.051,.002,.056,.000,.000,.046,.006,.026,.019,.000,.000,.000,.000,.000,.000,.000,.005,.000,.031,.005,.002,.000,.000,.000,.000,.000,.049
2014-07-16 16:33:31,5970,104.5,.0 C,.0 C,.0 C,.0 C,.0 C,.0 C,.0 C,.0 C,0,0,0,0, 0 W, 0 W, 0 W, 0 W, 0 W, 97 W, 1 W, 4 W, 0 W, 0 W, 0 W, 3 W, 15 W, 11 W, 0 W, 0 W, 0 W, 0 W, 0 W, 0 W, 0 W, 3 W, 0 W, 18 W, 3 W, 1 W, 0 W, 0 W, 0 W, 0 W, 0 W, 44 W,.000,.000,.000,.000,.000,.054,.002,.057,.000,.000,.046,.006,.026,.019,.000,.000,.000,.000,.000,.000,.000,.005,.000,.031,.005,.002,.000,.000,.000,.000,.000,.050
2014-07-16 16:35:31,6090,104.4,.0 C,.0 C,.0 C,.0 C,.0 C,.0 C,.0 C,.0 C,0,0,0,0, 0 W, 0 W, 0 W, 0 W, 0 W, 96 W, 1 W, 4 W, 0 W, 0 W, 0 W, 3 W, 15 W, 11 W, 0 W, 0 W, 0 W, 0 W, 0 W, 0 W, 0 W, 3 W, 0 W, 18 W, 3 W, 1 W, 0 W, 0 W, 0 W, 0 W, 0 W, 43 W,.000,.000,.000,.000,.000,.058,.002,.057,.000,.000,.046,.006,.027,.020,.000,.000,.000,.000,.000,.000,.000,.005,.000,.032,.005,.002,.000,.000,.000,.000,.000,.052
2014-07-16 16:37:31,6210,105,.0 C,.0 C,.0 C,.0 C,.0 C,.0 C,.0 C,.0 C,0,0,0,0, 0 W, 0 W, 0 W, 0 W, 0 W, 58 W, 1 W, 4 W, 0 W, 0 W, 0 W, 3 W, 15 W, 11 W, 0 W, 0 W, 0 W, 0 W, 0 W, 0 W, 0 W, 3 W, 0 W, 18 W, 3 W, 1 W, 0 W, 0 W, 0 W, 0 W, 0 W, 30 W,.000,.000,.000,.000,.000,.060,.002,.057,.000,.000,.046,.006,.027,.020,.000,.000,.000,.000,.000,.000,.000,.005,.000,.033,.005,.002,.000,.000,.000,.000,.000,.053
2014-07-16 16:39:31,6330,104.8,.0 C,.0 C,.0 C,.0 C,.0 C,.0 C,.0 C,.0 C,0,0,0,0, 0 W, 0 W, 0 W, 0 W, 0 W, 0 W, 1 W, 4 W, 0 W, 0 W, 83 W, 3 W, 15 W, 11 W, 0 W, 0 W, 0 W, 0 W, 0 W, 0 W, 0 W, 3 W, 0 W, 18 W, 3 W, 1 W, 0 W, 0 W, 0 W, 0 W, 0 W, 26 W,.000,.000,.000,.000,.000,.060,.002,.057,.000,.000,.049,.006,.028,.021,.000,.000,.000,.000,.000,.000,.000,.006,.000,.033,.005,.002,.000,.000,.000,.000,.000,.053
2014-07-16 16:41:31,6450,104.6,.0 C,.0 C,.0 C,.0 C,.0 C,.0 C,.0 C,.0 C,0,0,0,0, 0 W, 0 W, 0 W, 0 W, 0 W, 0 W, 1 W, 22 W, 0 W, 0 W, 100 W, 3 W, 15 W, 11 W, 0 W, 0 W, 0 W, 0 W, 0 W, 0 W, 0 W, 3 W, 0 W, 18 W, 3 W, 0 W, 0 W, 0 W, 0 W, 0 W, 0 W, 28 W,.000,.000,.000,.000,.000,.060,.002,.058,.000,.000,.053,.006,.028,.021,.000,.000,.000,.000,.000,.000,.000,.006,.000,.034,.005,.002,.000,.000,.000,.000,.000,.054
2014-07-16 16:43:31,6570,104.4,.0 C,.0 C,.0 C,.0 C,.0 C,.0 C,.0 C,.0 C,0,0,0,0, 0 W, 0 W, 0 W, 0 W, 0 W, 0 W, 1 W, 113 W, 0 W, 0 W, 98 W, 3 W, 15 W, 11 W, 0 W, 0 W, 0 W, 0 W, 0 W, 0 W, 0 W, 3 W, 0 W, 18 W, 3 W, 1 W, 0 W, 0 W, 0 W, 0 W, 0 W, 13 W,.000,.000,.000,.000,.000,.060,.002,.062,.000,.000,.056,.006,.029,.021,.000,.000,.000,.000,.000,.000,.000,.006,.000,.035,.006,.002,.000,.000,.000,.000,.000,.055
2014-07-16 16:45:31,6690,104.6,.0 C,.0 C,.0 C,.0 C,.0 C,.0 C,.0 C,.0 C,0,0,0,0, 0 W, 0 W, 0 W, 0 W, 0 W, 0 W, 1 W, 104 W, 0 W, 0 W, 97 W, 3 W, 15 W, 11 W, 0 W, 0 W, 0 W, 0 W, 0 W, 0 W, 0 W, 3 W, 0 W, 18 W, 3 W, 1 W, 0 W, 0 W, 0 W, 0 W, 0 W, 10 W,.000,.000,.000,.000,.000,.060,.002,.065,.000,.000,.059,.006,.029,.022,.000,.000,.000,.000,.000,.000,.000,.006,.000,.035,.006,.002,.000,.000,.000,.000,.000,.055
2014-07-16 16:47:31,6810,104.1,.0 C,.0 C,.0 C,.0 C,.0 C,.0 C,.0 C,.0 C,0,0,0,0, 0 W, 0 W, 0 W, 0 W, 0 W, 0 W, 1 W, 102 W, 0 W, 0 W, 95 W, 3 W, 15 W, 11 W, 0 W, 0 W, 0 W, 0 W, 0 W, 0 W, 0 W, 3 W, 0 W, 18 W, 3 W, 1 W, 0 W, 0 W, 0 W, 0 W, 0 W, 9 W,.000,.000,.000,.000,.000,.060,.002,.068,.000,.000,.062,.007,.030,.022,.000,.000,.000,.000,.000,.000,.000,.006,.000,.036,.006,.002,.000,.000,.000,.000,.000,.056
2014-07-16 16:49:31,6930,104.5,.0 C,.0 C,.0 C,.0 C,.0 C,.0 C,.0 C,.0 C,0,0,0,0, 0 W, 0 W, 0 W, 0 W, 0 W, 0 W, 1 W, 97 W, 0 W, 0 W, 95 W, 3 W, 15 W, 11 W, 0 W, 0 W, 0 W, 0 W, 0 W, 0 W, 0 W, 3 W, 0 W, 18 W, 3 W, 0 W, 0 W, 0 W, 0 W, 0 W, 0 W, 8 W,.000,.000,.000,.000,.000,.060,.002,.072,.000,.000,.065,.007,.030,.023,.000,.000,.000,.000,.000,.000,.000,.006,.000,.036,.006,.002,.000,.000,.000,.000,.000,.056
2014-07-16 16:51:31,7050,104.1,.0 C,.0 C,.0 C,.0 C,.0 C,.0 C,.0 C,.0 C,0,0,0,0, 0 W, 0 W, 0 W, 0 W, 0 W, 0 W, 1 W, 94 W, 0 W, 0 W, 43 W, 3 W, 15 W, 11 W, 0 W, 0 W, 0 W, 0 W, 0 W, 0 W, 0 W, 3 W, 0 W, 18 W, 3 W, 1 W, 0 W, 0 W, 0 W, 0 W, 0 W, 25 W,.000,.000,.000,.000,.000,.060,.002,.075,.000,.000,.067,.007,.031,.023,.000,.000,.000,.000,.000,.000,.000,.006,.000,.037,.006,.002,.000,.000,.000,.000,.000,.057
2014-07-16 16:53:31,7170,104.2,.0 C,.0 C,.0 C,.0 C,.0 C,.0 C,.0 C,.0 C,0,0,0,0, 0 W, 0 W, 0 W, 0 W, 0 W, 0 W, 1 W, 91 W, 0 W, 0 W, 0 W, 3 W, 15 W, 11 W, 0 W, 0 W, 0 W, 0 W, 0 W, 0 W, 0 W, 3 W, 0 W, 18 W, 3 W, 1 W, 0 W, 0 W, 0 W, 0 W, 0 W, 40 W,.000,.000,.000,.000,.000,.060,.003,.078,.000,.000,.067,.007,.032,.023,.000,.000,.000,.000,.000,.000,.000,.006,.000,.038,.006,.002,.000,.000,.000,.000,.000,.058
2014-07-16 16:55:31,7290,104.3,.0 C,.0 C,.0 C,.0 C,.0 C,.0 C,.0 C,.0 C,0,0,0,0, 0 W, 0 W, 0 W, 0 W, 0 W, 0 W, 1 W, 90 W, 0 W, 0 W, 0 W, 3 W, 15 W, 11 W, 0 W, 0 W, 0 W, 0 W, 0 W, 0 W, 0 W, 3 W, 0 W, 18 W, 3 W, 1 W, 0 W, 0 W, 0 W, 0 W, 0 W, 40 W,.000,.000,.000,.000,.000,.060,.003,.081,.000,.000,.067,.007,.032,.024,.000,.000,.000,.000,.000,.000,.000,.006,.000,.038,.006,.002,.000,.000,.000,.000,.000,.059
2014-07-16 16:57:31,7410,104,.0 C,.0 C,.0 C,.0 C,.0 C,.0 C,.0 C,.0 C,0,0,0,0, 0 W, 0 W, 0 W, 0 W, 0 W, 0 W, 1 W, 15 W, 0 W, 0 W, 0 W, 3 W, 15 W, 11 W, 0 W, 0 W, 0 W, 0 W, 0 W, 0 W, 0 W, 3 W, 0 W, 18 W, 3 W, 0 W, 0 W, 0 W, 0 W, 0 W, 0 W, 12 W,.000,.000,.000,.000,.000,.060,.003,.081,.000,.000,.067,.007,.033,.024,.000,.000,.000,.000,.000,.000,.000,.007,.000,.039,.006,.002,.000,.000,.000,.000,.000,.060
2014-07-16 16:59:31,7530,104.5,.0 C,.0 C,.0 C,.0 C,.0 C,.0 C,.0 C,.0 C,0,0,0,0, 0 W, 0 W, 0 W, 0 W, 0 W, 0 W, 1 W, 1 W, 0 W, 0 W, 0 W, 3 W, 15 W, 11 W, 0 W, 0 W, 0 W, 0 W, 0 W, 0 W, 0 W, 3 W, 0 W, 18 W, 3 W, 1 W, 0 W, 0 W, 0 W, 0 W, 0 W, 7 W,.000,.000,.000,.000,.000,.060,.003,.081,.000,.000,.067,.007,.033,.024,.000,.000,.000,.000,.000,.000,.000,.007,.000,.040,.006,.002,.000,.000,.000,.000,.000,.060
2014-07-16 17:01:31,7650,104.7,.0 C,.0 C,.0 C,.0 C,.0 C,.0 C,.0 C,.0 C,0,0,0,0, 0 W, 0 W, 0 W, 0 W, 0 W, 0 W, 1 W, 1 W, 0 W, 0 W, 0 W, 3 W, 15 W, 11 W, 0 W, 0 W, 0 W, 0 W, 0 W, 0 W, 0 W, 3 W, 0 W, 18 W, 3 W, 0 W, 0 W, 0 W, 0 W, 0 W, 0 W, 7 W,.000,.000,.000,.000,.000,.060,.003,.082,.000,.000,.067,.007,.034,.025,.000,.001,.000,.000,.000,.000,.000,.007,.000,.040,.006,.002,.000,.000,.000,.000,.000,.060
2014-07-16 17:03:31,7770,105.1,.0 C,.0 C,.0 C,.0 C,.0 C,.0 C,.0 C,.0 C,0,0,0,0, 0 W, 0 W, 0 W, 0 W, 0 W, 0 W, 1 W, 1 W, 0 W, 0 W, 0 W, 3 W, 15 W, 11 W, 0 W, 0 W, 0 W, 0 W, 0 W, 0 W, 0 W, 3 W, 0 W, 18 W, 3 W, 1 W, 0 W, 0 W, 0 W, 0 W, 0 W, 7 W,.000,.000,.000,.000,.000,.060,.003,.082,.000,.000,.067,.007,.034,.025,.000,.001,.000,.000,.000,.000,.000,.007,.000,.041,.007,.002,.000,.000,.000,.000,.000,.061
2014-07-16 17:05:31,7890,105.1,.0 C,.0 C,.0 C,.0 C,.0 C,.0 C,.0 C,.0 C,0,0,0,0, 0 W, 0 W, 0 W, 0 W, 0 W, 0 W, 1 W, 1 W, 0 W, 0 W, 0 W, 3 W, 15 W, 11 W, 0 W, 0 W, 0 W, 0 W, 0 W, 0 W, 0 W, 3 W, 0 W, 18 W, 3 W, 1 W, 0 W, 0 W, 0 W, 0 W, 0 W, 7 W,.000,.000,.000,.000,.000,.060,.003,.082,.000,.000,.067,.008,.035,.026,.000,.001,.000,.000,.000,.000,.000,.007,.000,.041,.007,.002,.000,.000,.000,.000,.000,.061
2014-07-16 17:07:31,8010,104.8,.0 C,.0 C,.0 C,.0 C,.0 C,.0 C,.0 C,.0 C,0,0,0,0, 0 W, 0 W, 0 W, 0 W, 0 W, 0 W, 1 W, 1 W, 0 W, 0 W, 0 W, 3 W, 15 W, 11 W, 0 W, 0 W, 0 W, 0 W, 0 W, 0 W, 0 W, 3 W, 0 W, 18 W, 3 W, 0 W, 0 W, 0 W, 0 W, 0 W, 0 W, 7 W,.000,.000,.000,.000,.000,.060,.003,.082,.000,.000,.067,.008,.035,.026,.000,.001,.000,.000,.000,.000,.000,.007,.000,.042,.007,.002,.000,.000,.000,.000,.000,.061
2014-07-16 17:09:31,8130,105,.0 C,.0 C,.0 C,.0 C,.0 C,.0 C,.0 C,.0 C,0,0,0,0, 0 W, 0 W, 0 W, 0 W, 0 W, 0 W, 1 W, 1 W, 0 W, 0 W, 0 W, 3 W, 15 W, 11 W, 0 W, 0 W, 0 W, 0 W, 0 W, 0 W, 0 W, 3 W, 0 W, 18 W, 3 W, 0 W, 0 W, 0 W, 0 W, 0 W, 0 W, 7 W,.000,.000,.000,.000,.000,.060,.003,.082,.000,.000,.067,.008,.036,.026,.000,.001,.000,.000,.000,.000,.000,.007,.000,.043,.007,.002,.000,.000,.000,.000,.000,.061
2014-07-16 17:11:31,8250,104.7,.0 C,.0 C,.0 C,.0 C,.0 C,.0 C,.0 C,.0 C,0,0,0,0, 0 W, 0 W, 0 W, 0 W, 0 W, 0 W, 1 W, 1 W, 0 W, 0 W, 0 W, 3 W, 15 W, 11 W, 0 W, 0 W, 0 W, 0 W, 0 W, 0 W, 0 W, 3 W, 0 W, 18 W, 3 W, 0 W, 0 W, 0 W, 0 W, 0 W, 0 W, 7 W,.000,.000,.000,.000,.000,.060,.003,.082,.000,.000,.067,.008,.036,.027,.000,.001,.000,.000,.000,.000,.000,.007,.000,.043,.007,.002,.000,.000,.000,.000,.000,.062
2014-07-16 17:13:31,8370,105,.0 C,.0 C,.0 C,.0 C,.0 C,.0 C,.0 C,.0 C,0,0,0,0, 0 W, 0 W, 0 W, 0 W, 0 W, 74 W, 1 W, 1 W, 0 W, 0 W, 0 W, 3 W, 15 W, 11 W, 0 W, 0 W, 0 W, 0 W, 0 W, 0 W, 0 W, 3 W, 0 W, 18 W, 3 W, 1 W, 0 W, 0 W, 0 W, 0 W, 0 W, 34 W,.000,.000,.000,.000,.000,.062,.003,.082,.000,.000,.067,.008,.037,.027,.000,.001,.000,.000,.000,.000,.000,.007,.000,.044,.007,.002,.000,.000,.000,.000,.000,.063
2014-07-16 17:15:31,8490,105.2,.0 C,.0 C,.0 C,.0 C,.0 C,.0 C,.0 C,.0 C,0,0,0,0, 0 W, 0 W, 0 W, 0 W, 0 W, 104 W, 1 W, 1 W, 0 W, 0 W, 0 W, 3 W, 15 W, 11 W, 0 W, 0 W, 0 W, 0 W, 0 W, 0 W, 0 W, 3 W, 0 W, 18 W, 3 W, 1 W, 0 W, 0 W, 0 W, 0 W, 0 W, 46 W,.000,.000,.000,.000,.000,.066,.003,.082,.000,.000,.067,.008,.037,.028,.000,.001,.000,.000,.000,.000,.000,.007,.000,.045,.007,.002,.000,.000,.000,.000,.000,.064
2014-07-16 17:17:31,8610,105,.0 C,.0 C,.0 C,.0 C,.0 C,.0 C,.0 C,.0 C,0,0,0,0, 0 W, 0 W, 0 W, 0 W, 0 W, 102 W, 1 W, 1 W, 0 W, 0 W, 108 W, 3 W, 15 W, 11 W, 0 W, 0 W, 0 W, 0 W, 0 W, 0 W, 0 W, 3 W, 0 W, 18 W, 3 W, 1 W, 0 W, 0 W, 0 W, 0 W, 0 W, 12 W,.000,.000,.000,.000,.000,.069,.003,.082,.000,.000,.071,.008,.038,.028,.000,.001,.000,.000,.000,.000,.000,.008,.000,.045,.007,.002,.000,.000,.000,.000,.000,.065
2014-07-16 17:19:31,8730,105.1,.0 C,.0 C,.0 C,.0 C,.0 C,.0 C,.0 C,.0 C,0,0,0,0, 0 W, 0 W, 0 W, 0 W, 0 W, 99 W, 1 W, 1 W, 0 W, 0 W, 100 W, 3 W, 15 W, 11 W, 0 W, 0 W, 0 W, 0 W, 0 W, 0 W, 0 W, 3 W, 0 W, 18 W, 3 W, 0 W, 0 W, 0 W, 0 W, 0 W, 0 W, 7 W,.000,.000,.000,.000,.000,.072,.003,.082,.000,.000,.074,.008,.038,.028,.000,.001,.000,.000,.000,.000,.000,.008,.000,.046,.007,.002,.000,.000,.000,.000,.000,.065
2014-07-16 17:21:31,8850,105.1,.0 C,.0 C,.0 C,.0 C,.0 C,.0 C,.0 C,.0 C,0,0,0,0, 0 W, 0 W, 0 W, 0 W, 0 W, 98 W, 1 W, 1 W, 0 W, 0 W, 98 W, 3 W, 15 W, 11 W, 0 W, 0 W, 0 W, 0 W, 0 W, 0 W, 0 W, 3 W, 0 W, 18 W, 3 W, 1 W, 0 W, 0 W, 0 W, 0 W, 0 W, 7 W,.000,.000,.000,.000,.000,.076,.003,.082,.000,.000,.077,.009,.039,.029,.000,.001,.000,.000,.000,.000,.000,.008,.000,.046,.007,.002,.000,.000,.000,.000,.000,.065
2014-07-16 17:23:31,8970,105.2,.0 C,.0 C,.0 C,.0 C,.0 C,.0 C,.0 C,.0 C,0,0,0,0, 0 W, 0 W, 0 W, 0 W, 0 W, 96 W, 1 W, 1 W, 0 W, 0 W, 96 W, 3 W, 15 W, 11 W, 0 W, 0 W, 0 W, 0 W, 0 W, 0 W, 0 W, 3 W, 0 W, 18 W, 3 W, 1 W, 0 W, 0 W, 0 W, 0 W, 0 W, 7 W,.000,.000,.000,.000,.000,.079,.003,.082,.000,.000,.080,.009,.039,.029,.000,.001,.000,.000,.000,.000,.000,.008,.000,.047,.008,.002,.000,.000,.000,.000,.000,.065
2014-07-16 17:25:31,9090,105.3,.0 C,.0 C,.0 C,.0 C,.0 C,.0 C,.0 C,.0 C,0,0,0,0, 0 W, 0 W, 0 W, 0 W, 0 W, 80 W, 1 W, 1 W, 0 W, 0 W, 96 W, 3 W, 15 W, 11 W, 0 W, 0 W, 0 W, 0 W, 0 W, 0 W, 0 W, 3 W, 0 W, 18 W, 3 W, 0 W, 0 W, 0 W, 0 W, 0 W, 0 W, 10 W,.000,.000,.000,.000,.000,.082,.003,.082,.000,.000,.084,.009,.040,.030,.000,.001,.000,.000,.000,.000,.000,.008,.000,.048,.008,.003,.000,.000,.000,.000,.000,.066
2014-07-16 17:27:31,9210,105.5,.0 C,.0 C,.0 C,.0 C,.0 C,.0 C,.0 C,.0 C,0,0,0,0, 0 W, 0 W, 0 W, 0 W, 0 W, 0 W, 1 W, 1 W, 0 W, 0 W, 95 W, 3 W, 15 W, 11 W, 0 W, 0 W, 0 W, 0 W, 0 W, 0 W, 0 W, 3 W, 0 W, 18 W, 3 W, 1 W, 0 W, 0 W, 0 W, 0 W, 0 W, 26 W,.000,.000,.000,.000,.000,.082,.003,.082,.000,.000,.087,.009,.040,.030,.000,.001,.000,.000,.000,.000,.000,.008,.000,.048,.008,.003,.000,.000,.000,.000,.000,.067
2014-07-16 17:29:31,9330,105.1,.0 C,.0 C,.0 C,.0 C,.0 C,.0 C,.0 C,.0 C,0,0,0,0, 0 W, 0 W, 0 W, 0 W, 0 W, 0 W, 1 W, 1 W, 0 W, 0 W, 14 W, 3 W, 15 W, 11 W, 0 W, 0 W, 0 W, 0 W, 0 W, 0 W, 0 W, 3 W, 0 W, 18 W, 3 W, 1 W, 0 W, 0 W, 0 W, 0 W, 0 W, 10 W,.000,.000,.000,.000,.000,.082,.003,.082,.000,.000,.087,.009,.041,.030,.000,.001,.000,.000,.000,.000,.000,.008,.000,.049,.008,.003,.000,.000,.000,.000,.000,.067
2014-07-16 17:31:31,9450,105,.0 C,.0 C,.0 C,.0 C,.0 C,.0 C,.0 C,.0 C,0,0,0,0, 0 W, 0 W, 0 W, 0 W, 0 W, 0 W, 1 W, 1 W, 0 W, 0 W, 0 W, 3 W, 15 W, 11 W, 0 W, 0 W, 0 W, 0 W, 0 W, 0 W, 0 W, 3 W, 0 W, 18 W, 3 W, 1 W, 0 W, 0 W, 0 W, 0 W, 0 W, 7 W,.000,.000,.000,.000,.000,.082,.003,.082,.000,.000,.087,.009,.042,.031,.000,.001,.000,.000,.000,.000,.000,.008,.000,.050,.008,.003,.000,.000,.000,.000,.000,.067
2014-07-16 17:33:31,9570,105.3,.0 C,.0 C,.0 C,.0 C,.0 C,.0 C,.0 C,.0 C,0,0,0,0, 0 W, 0 W, 0 W, 0 W, 0 W, 0 W, 1 W, 1 W, 0 W, 0 W, 0 W, 3 W, 15 W, 11 W, 0 W, 0 W, 0 W, 0 W, 0 W, 0 W, 0 W, 3 W, 0 W, 18 W, 3 W, 1 W, 0 W, 0 W, 0 W, 0 W, 0 W, 8 W,.000,.000,.000,.000,.000,.082,.003,.082,.000,.000,.087,.009,.042,.031,.000,.001,.000,.000,.000,.000,.000,.008,.000,.050,.008,.003,.000,.000,.000,.000,.000,.068
2014-07-16 17:35:31,9690,104.6,.0 C,.0 C,.0 C,.0 C,.0 C,.0 C,.0 C,.0 C,0,0,0,0, 0 W, 0 W, 0 W, 0 W, 0 W, 0 W, 1 W, 17 W, 0 W, 0 W, 0 W, 3 W, 15 W, 11 W, 0 W, 0 W, 0 W, 0 W, 0 W, 0 W, 0 W, 3 W, 0 W, 18 W, 3 W, 1 W, 0 W, 0 W, 0 W, 0 W, 0 W, 14 W,.000,.000,.000,.000,.000,.082,.003,.083,.000,.000,.087,.009,.043,.032,.000,.001,.000,.000,.000,.000,.000,.008,.000,.051,.008,.003,.000,.000,.000,.000,.000,.068
2014-07-16 17:37:31,9810,104.5,.0 C,.0 C,.0 C,.0 C,.0 C,.0 C,.0 C,.0 C,0,0,0,0, 0 W, 0 W, 0 W, 0 W, 0 W, 0 W, 1 W, 106 W, 0 W, 0 W, 0 W, 3 W, 15 W, 11 W, 0 W, 0 W, 0 W, 0 W, 0 W, 0 W, 0 W, 3 W, 0 W, 18 W, 3 W, 0 W, 0 W, 0 W, 0 W, 0 W, 0 W, 45 W,.000,.000,.000,.000,.000,.082,.003,.086,.000,.000,.087,.010,.043,.032,.000,.001,.000,.000,.000,.000,.000,.009,.000,.051,.008,.003,.000,.000,.000,.000,.000,.070
2014-07-16 17:39:31,9930,104.4,.0 C,.0 C,.0 C,.0 C,.0 C,.0 C,.0 C,.0 C,0,0,0,0, 0 W, 0 W, 0 W, 0 W, 0 W, 0 W, 1 W, 96 W, 0 W, 0 W, 0 W, 3 W, 15 W, 11 W, 0 W, 0 W, 0 W, 0 W, 0 W, 0 W, 0 W, 3 W, 0 W, 18 W, 3 W, 0 W, 0 W, 0 W, 0 W, 0 W, 0 W, 42 W,.000,.000,.000,.000,.000,.082,.003,.090,.000,.000,.087,.010,.044,.032,.000,.001,.001,.000,.000,.000,.000,.009,.000,.052,.008,.003,.000,.000,.000,.000,.000,.071
2014-07-16 17:41:31,10050,104.5,.0 C,.0 C,.0 C,.0 C,.0 C,.0 C,.0 C,.0 C,0,0,0,0, 0 W, 0 W, 0 W, 0 W, 0 W, 0 W, 1 W, 94 W, 0 W, 0 W, 0 W, 3 W, 15 W, 11 W, 0 W, 0 W, 0 W, 0 W, 0 W, 0 W, 0 W, 3 W, 0 W, 18 W, 3 W, 1 W, 0 W, 0 W, 0 W, 0 W, 0 W, 41 W,.000,.000,.000,.000,.000,.082,.004,.093,.000,.000,.087,.010,.044,.033,.000,.001,.001,.000,.000,.000,.000,.009,.000,.053,.008,.003,.000,.000,.000,.000,.000,.072
2014-07-16 17:43:31,10170,104.7,.0 C,.0 C,.0 C,.0 C,.0 C,.0 C,.0 C,.0 C,0,0,0,0, 0 W, 0 W, 0 W, 0 W, 0 W, 0 W, 1 W, 91 W, 0 W, 0 W, 0 W, 3 W, 15 W, 11 W, 0 W, 0 W, 0 W, 0 W, 0 W, 0 W, 0 W, 3 W, 0 W, 18 W, 3 W, 1 W, 0 W, 0 W, 0 W, 0 W, 0 W, 40 W,.000,.000,.000,.000,.000,.082,.004,.096,.000,.000,.087,.010,.045,.033,.000,.001,.001,.000,.000,.000,.000,.009,.000,.053,.009,.003,.000,.000,.000,.000,.000,.074
2014-07-16 17:45:31,10290,104.6,.0 C,.0 C,.0 C,.0 C,.0 C,.0 C,.0 C,.0 C,0,0,0,0, 0 W, 0 W, 0 W, 0 W, 0 W, 0 W, 1 W, 60 W, 0 W, 0 W, 0 W, 3 W, 15 W, 11 W, 0 W, 0 W, 0 W, 0 W, 0 W, 0 W, 0 W, 3 W, 0 W, 18 W, 3 W, 1 W, 0 W, 0 W, 0 W, 0 W, 0 W, 29 W,.000,.000,.000,.000,.000,.082,.004,.098,.000,.000,.087,.010,.045,.033,.000,.001,.001,.000,.000,.000,.000,.009,.000,.054,.009,.003,.000,.000,.000,.000,.000,.075
2014-07-16 17:47:31,10410,104.4,.0 C,.0 C,.0 C,.0 C,.0 C,.0 C,.0 C,.0 C,0,0,0,0, 0 W, 0 W, 0 W, 0 W, 0 W, 0 W, 1 W, 4 W, 0 W, 0 W, 0 W, 3 W, 15 W, 11 W, 0 W, 0 W, 0 W, 0 W, 0 W, 0 W, 0 W, 3 W, 0 W, 18 W, 3 W, 1 W, 0 W, 0 W, 0 W, 0 W, 0 W, 8 W,.000,.000,.000,.000,.000,.082,.004,.098,.000,.000,.087,.010,.046,.034,.000,.001,.001,.000,.000,.000,.000,.009,.000,.055,.009,.003,.000,.000,.000,.000,.000,.075
2014-07-16 17:49:31,10530,104.4,.0 C,.0 C,.0 C,.0 C,.0 C,.0 C,.0 C,.0 C,0,0,0,0, 0 W, 0 W, 0 W, 0 W, 0 W, 0 W, 1 W, 4 W, 0 W, 0 W, 0 W, 3 W, 15 W, 11 W, 0 W, 0 W, 0 W, 0 W, 0 W, 0 W, 0 W, 3 W, 1 W, 18 W, 3 W, 1 W, 0 W, 0 W, 0 W, 0 W, 0 W, 8 W,.000,.000,.000,.000,.000,.082,.004,.098,.000,.000,.087,.010,.046,.034,.000,.001,.001,.000,.000,.000,.000,.009,.000,.055,.009,.003,.000,.000,.000,.000,.000,.075
2014-07-16 17:51:31,10650,104.5,.0 C,.0 C,.0 C,.0 C,.0 C,.0 C,.0 C,.0 C,0,0,0,0, 0 W, 0 W, 0 W, 0 W, 0 W, 0 W, 1 W, 4 W, 0 W, 0 W, 0 W, 3 W, 15 W, 11 W, 0 W, 0 W, 0 W, 0 W, 0 W, 0 W, 0 W, 3 W, 0 W, 18 W, 3 W, 1 W, 0 W, 0 W, 0 W, 0 W, 0 W, 8 W,.000,.000,.000,.000,.000,.082,.004,.098,.000,.000,.087,.010,.047,.035,.000,.001,.001,.000,.000,.000,.000,.009,.000,.056,.009,.003,.000,.000,.000,.000,.000,.076
2014-07-16 17:53:31,10770,104.6,.0 C,.0 C,.0 C,.0 C,.0 C,.0 C,.0 C,.0 C,0,0,0,0, 0 W, 0 W, 0 W, 0 W, 0 W, 0 W, 1 W, 4 W, 0 W, 0 W, 34 W, 3 W, 15 W, 11 W, 0 W, 0 W, 0 W, 0 W, 0 W, 0 W, 0 W, 3 W, 0 W, 18 W, 3 W, 1 W, 0 W, 0 W, 0 W, 0 W, 0 W, 16 W,.000,.000,.000,.000,.000,.082,.004,.098,.000,.000,.088,.010,.047,.035,.000,.001,.001,.000,.000,.000,.000,.009,.000,.057,.009,.003,.000,.000,.000,.000,.000,.076
2014-07-16 17:55:31,10890,104.3,.0 C,.0 C,.0 C,.0 C,.0 C,.0 C,.0 C,.0 C,0,0,0,0, 0 W, 0 W, 0 W, 0 W, 0 W, 0 W, 1 W, 4 W, 0 W, 0 W, 106 W, 3 W, 15 W, 11 W, 0 W, 0 W, 0 W, 0 W, 0 W, 0 W, 0 W, 3 W, 0 W, 18 W, 3 W, 0 W, 0 W, 0 W, 0 W, 0 W, 0 W, 29 W,.000,.000,.000,.000,.000,.082,.004,.098,.000,.000,.092,.011,.048,.035,.000,.001,.001,.000,.000,.000,.000,.010,.000,.057,.009,.003,.000,.000,.000,.000,.000,.077
2014-07-16 17:57:31,11010,104.3,.0 C,.0 C,.0 C,.0 C,.0 C,.0 C,.0 C,.0 C,0,0,0,0, 0 W, 0 W, 0 W, 0 W, 0 W, 0 W, 1 W, 80 W, 0 W, 0 W, 98 W, 3 W, 15 W, 11 W, 0 W, 0 W, 0 W, 0 W, 0 W, 0 W, 0 W, 3 W, 0 W, 18 W, 3 W, 1 W, 0 W, 0 W, 0 W, 0 W, 0 W, 21 W,.000,.000,.000,.000,.000,.082,.004,.101,.000,.000,.095,.011,.048,.036,.000,.001,.001,.000,.000,.000,.000,.010,.000,.058,.009,.003,.000,.000,.000,.000,.000,.078
2014-07-16 17:59:31,11130,104.2,.0 C,.0 C,.0 C,.0 C,.0 C,.0 C,.0 C,.0 C,0,0,0,0, 0 W, 0 W, 0 W, 0 W, 0 W, 0 W, 1 W, 105 W, 0 W, 0 W, 97 W, 3 W, 15 W, 11 W, 0 W, 0 W, 0 W, 0 W, 0 W, 0 W, 0 W, 3 W, 0 W, 18 W, 3 W, 1 W, 0 W, 0 W, 0 W, 0 W, 0 W, 10 W,.000,.000,.000,.000,.000,.082,.004,.105,.000,.000,.098,.011,.049,.036,.000,.001,.001,.000,.000,.000,.000,.010,.000,.058,.009,.003,.000,.000,.000,.000,.000,.078
2014-07-16 18:01:31,11250,103.9,.0 C,.0 C,.0 C,.0 C,.0 C,.0 C,.0 C,.0 C,0,0,0,0, 0 W, 0 W, 0 W, 0 W, 0 W, 85 W, 1 W, 103 W, 0 W, 0 W, 95 W, 3 W, 15 W, 11 W, 0 W, 0 W, 0 W, 0 W, 0 W, 0 W, 0 W, 3 W, 0 W, 18 W, 3 W, 1 W, 0 W, 0 W, 0 W, 0 W, 0 W, 40 W,.000,.000,.000,.000,.000,.085,.004,.108,.000,.000,.102,.011,.049,.037,.000,.001,.001,.000,.000,.000,.000,.010,.000,.059,.009,.003,.000,.000,.000,.000,.000,.079
2014-07-16 18:03:31,11370,104.2,.0 C,.0 C,.0 C,.0 C,.0 C,.0 C,.0 C,.0 C,0,0,0,0, 0 W, 0 W, 0 W, 0 W, 0 W, 104 W, 1 W, 99 W, 0 W, 0 W, 94 W, 3 W, 15 W, 11 W, 0 W, 0 W, 0 W, 0 W, 0 W, 0 W, 0 W, 3 W, 0 W, 18 W, 3 W, 1 W, 0 W, 0 W, 0 W, 0 W, 0 W, 46 W,.000,.000,.000,.000,.000,.088,.004,.111,.000,.000,.105,.011,.050,.037,.000,.001,.001,.000,.000,.000,.000,.010,.000,.060,.010,.003,.000,.000,.000,.000,.000,.081
2014-07-16 18:05:31,11490,104.5,.0 C,.0 C,.0 C,.0 C,.0 C,.0 C,.0 C,.0 C,0,0,0,0, 0 W, 0 W, 0 W, 0 W, 0 W, 238 W, 1 W, 95 W, 0 W, 0 W, 89 W, 3 W, 15 W, 11 W, 0 W, 0 W, 0 W, 0 W, 0 W, 0 W, 0 W, 3 W, 0 W, 18 W, 3 W, 0 W, 0 W, 0 W, 0 W, 0 W, 0 W, 96 W,.000,.000,.000,.000,.000,.096,.004,.115,.000,.000,.108,.011,.051,.037,.000,.001,.001,.000,.000,.000,.000,.010,.000,.060,.010,.003,.000,.000,.000,.000,.000,.084
2014-07-16 18:07:31,11610,104.5,.0 C,.0 C,.0 C,.0 C,.0 C,.0 C,.0 C,.0 C,0,0,0,0, 0 W, 0 W, 0 W, 0 W, 0 W, 290 W, 1 W, 92 W, 0 W, 0 W, 0 W, 3 W, 15 W, 11 W, 0 W, 0 W, 0 W, 0 W, 0 W, 0 W, 0 W, 3 W, 0 W, 18 W, 3 W, 0 W, 0 W, 0 W, 0 W, 0 W, 0 W, 146 W,.000,.000,.000,.000,.000,.106,.004,.118,.000,.000,.108,.011,.051,.038,.000,.001,.001,.000,.000,.000,.000,.010,.000,.061,.010,.003,.000,.000,.000,.000,.000,.089
2014-07-16 18:09:31,11730,104.4,.0 C,.0 C,.0 C,.0 C,.0 C,.0 C,.0 C,.0 C,0,0,0,0, 0 W, 0 W, 0 W, 0 W, 0 W, 286 W, 1 W, 90 W, 0 W, 0 W, 0 W, 3 W, 15 W, 11 W, 0 W, 0 W, 0 W, 0 W, 0 W, 0 W, 0 W, 3 W, 0 W, 18 W, 3 W, 1 W, 0 W, 0 W, 0 W, 0 W, 0 W, 144 W,.000,.000,.000,.000,.000,.115,.004,.121,.000,.000,.108,.011,.052,.038,.000,.001,.001,.000,.000,.000,.000,.010,.000,.062,.010,.003,.000,.000,.000,.000,.000,.094
2014-07-16 18:11:31,11850,105.3,.0 C,.0 C,.0 C,.0 C,.0 C,.0 C,.0 C,.0 C,0,0,0,0, 0 W, 0 W, 0 W, 0 W, 0 W, 288 W, 1 W, 36 W, 0 W, 0 W, 0 W, 3 W, 15 W, 11 W, 0 W, 0 W, 0 W, 0 W, 0 W, 0 W, 0 W, 3 W, 0 W, 18 W, 3 W, 1 W, 0 W, 0 W, 0 W, 0 W, 0 W, 126 W,.000,.000,.000,.000,.000,.125,.004,.122,.000,.000,.108,.011,.052,.039,.000,.001,.001,.000,.000,.000,.000,.010,.000,.062,.010,.003,.000,.000,.000,.000,.000,.098
2014-07-16 18:13:31,11970,105.5,.0 C,.0 C,.0 C,.0 C,.0 C,.0 C,.0 C,.0 C,0,0,0,0, 0 W, 0 W, 0 W, 0 W, 0 W, 290 W, 1 W, 1 W, 0 W, 0 W, 0 W, 3 W, 15 W, 11 W, 0 W, 0 W, 0 W, 0 W, 0 W, 0 W, 0 W, 3 W, 0 W, 18 W, 3 W, 1 W, 0 W, 0 W, 0 W, 0 W, 0 W, 114 W,.000,.000,.000,.000,.000,.135,.004,.122,.000,.000,.108,.012,.053,.039,.000,.001,.001,.000,.000,.000,.000,.010,.000,.063,.010,.003,.000,.000,.000,.000,.000,.102
2014-07-16 18:15:31,12090,105,.0 C,.0 C,.0 C,.0 C,.0 C,.0 C,.0 C,.0 C,0,0,0,0, 0 W, 0 W, 0 W, 0 W, 0 W, 292 W, 1 W, 1 W, 0 W, 0 W, 0 W, 3 W, 15 W, 11 W, 0 W, 0 W, 0 W, 0 W, 0 W, 0 W, 0 W, 3 W, 0 W, 18 W, 3 W, 1 W, 0 W, 0 W, 0 W, 0 W, 0 W, 114 W,.000,.000,.000,.000,.000,.144,.004,.122,.000,.000,.108,.012,.053,.039,.000,.001,.001,.000,.000,.000,.000,.011,.000,.063,.010,.003,.000,.000,.000,.000,.000,.106
2014-07-16 18:17:31,12210,104.5,.0 C,.0 C,.0 C,.0 C,.0 C,.0 C,.0 C,.0 C,0,0,0,0, 0 W, 0 W, 0 W, 0 W, 0 W, 40 W, 1 W, 1 W, 0 W, 0 W, 0 W, 3 W, 15 W, 12 W, 0 W, 0 W, 0 W, 0 W, 0 W, 0 W, 0 W, 3 W, 0 W, 18 W, 3 W, 1 W, 0 W, 0 W, 0 W, 0 W, 0 W, 22 W,.000,.000,.000,.000,.000,.146,.004,.122,.000,.000,.108,.012,.054,.040,.000,.001,.001,.000,.000,.000,.000,.011,.000,.064,.010,.003,.000,.000,.000,.000,.000,.107
2014-07-16 18:19:31,12330,104.5,.0 C,.0 C,.0 C,.0 C,.0 C,.0 C,.0 C,.0 C,0,0,0,0, 0 W, 0 W, 0 W, 0 W, 0 W, 1 W, 1 W, 1 W, 0 W, 0 W, 0 W, 3 W, 15 W, 12 W, 0 W, 0 W, 0 W, 0 W, 0 W, 0 W, 0 W, 3 W, 0 W, 18 W, 3 W, 1 W, 0 W, 0 W, 0 W, 0 W, 0 W, 8 W,.000,.000,.000,.000,.000,.146,.004,.122,.000,.000,.108,.012,.054,.040,.000,.001,.001,.000,.000,.000,.000,.011,.000,.065,.010,.003,.000,.000,.000,.000,.000,.107
2014-07-16 18:21:31,12450,104.3,.0 C,.0 C,.0 C,.0 C,.0 C,.0 C,.0 C,.0 C,0,0,0,0, 0 W, 0 W, 0 W, 0 W, 0 W, 1 W, 1 W, 1 W, 0 W, 0 W, 0 W, 3 W, 15 W, 12 W, 0 W, 0 W, 0 W, 0 W, 0 W, 0 W, 0 W, 3 W, 0 W, 18 W, 3 W, 1 W, 0 W, 0 W, 0 W, 0 W, 0 W, 8 W,.000,.000,.000,.000,.000,.146,.004,.122,.000,.000,.108,.012,.055,.041,.000,.001,.001,.000,.000,.000,.000,.011,.000,.065,.010,.003,.000,.000,.000,.000,.000,.107
2014-07-16 18:23:31,12570,104,.0 C,.0 C,.0 C,.0 C,.0 C,.0 C,.0 C,.0 C,0,0,0,0, 0 W, 0 W, 0 W, 0 W, 0 W, 1 W, 1 W, 1 W, 0 W, 0 W, 0 W, 3 W, 15 W, 12 W, 0 W, 0 W, 0 W, 0 W, 0 W, 0 W, 0 W, 3 W, 0 W, 18 W, 3 W, 1 W, 0 W, 0 W, 0 W, 0 W, 0 W, 8 W,.000,.000,.000,.000,.000,.146,.004,.122,.000,.000,.108,.012,.055,.041,.000,.001,.001,.000,.000,.000,.000,.011,.000,.066,.011,.003,.000,.000,.000,.000,.000,.107
2014-07-16 18:25:31,12690,104.3,.0 C,.0 C,.0 C,.0 C,.0 C,.0 C,.0 C,.0 C,0,0,0,0, 0 W, 0 W, 0 W, 0 W, 0 W, 1 W, 1 W, 1 W, 0 W, 0 W, 0 W, 3 W, 15 W, 11 W, 0 W, 0 W, 0 W, 0 W, 0 W, 0 W, 0 W, 3 W, 0 W, 18 W, 3 W, 1 W, 0 W, 0 W, 0 W, 0 W, 0 W, 8 W,.000,.000,.000,.000,.000,.146,.004,.122,.000,.000,.108,.012,.056,.041,.000,.001,.001,.000,.000,.000,.000,.011,.000,.067,.011,.004,.000,.000,.000,.000,.000,.108
2014-07-16 18:27:31,12810,103.8,.0 C,.0 C,.0 C,.0 C,.0 C,.0 C,.0 C,.0 C,0,0,0,0, 0 W, 0 W, 0 W, 0 W, 0 W, 1 W, 1 W, 1 W, 0 W, 0 W, 0 W, 3 W, 15 W, 11 W, 0 W, 0 W, 0 W, 0 W, 0 W, 0 W, 0 W, 3 W, 0 W, 18 W, 3 W, 1 W, 0 W, 0 W, 0 W, 0 W, 0 W, 8 W,.000,.000,.000,.000,.000,.146,.004,.122,.000,.000,.108,.012,.056,.042,.000,.001,.001,.000,.000,.000,.000,.011,.000,.067,.011,.004,.000,.000,.000,.000,.000,.108
2014-07-16 18:29:31,12930,103.9,.0 C,.0 C,.0 C,.0 C,.0 C,.0 C,.0 C,.0 C,0,0,0,0, 0 W, 0 W, 0 W, 0 W, 0 W, 1 W, 1 W, 1 W, 0 W, 0 W, 0 W, 3 W, 15 W, 11 W, 0 W, 0 W, 0 W, 0 W, 0 W, 0 W, 0 W, 3 W, 0 W, 18 W, 3 W, 1 W, 0 W, 0 W, 0 W, 0 W, 0 W, 8 W,.000,.000,.000,.000,.000,.146,.005,.122,.000,.000,.108,.012,.057,.042,.000,.001,.001,.000,.000,.000,.000,.011,.000,.068,.011,.004,.000,.000,.000,.000,.000,.108
2014-07-16 18:31:31,13050,103.9,.0 C,.0 C,.0 C,.0 C,.0 C,.0 C,.0 C,.0 C,0,0,0,0, 0 W, 0 W, 0 W, 0 W, 0 W, 1 W, 1 W, 1 W, 0 W, 0 W, 59 W, 3 W, 15 W, 11 W, 0 W, 0 W, 0 W, 0 W, 0 W, 0 W, 0 W, 3 W, 1 W, 18 W, 3 W, 0 W, 0 W, 0 W, 0 W, 0 W, 0 W, 21 W,.000,.000,.000,.000,.000,.146,.005,.122,.000,.000,.110,.013,.057,.042,.000,.001,.001,.000,.000,.000,.000,.011,.000,.068,.011,.004,.000,.000,.000,.000,.000,.109
2014-07-16 18:33:31,13170,104.1,.0 C,.0 C,.0 C,.0 C,.0 C,.0 C,.0 C,.0 C,0,0,0,0, 0 W, 0 W, 0 W, 0 W, 0 W, 1 W, 1 W, 1 W, 0 W, 0 W, 102 W, 3 W, 15 W, 11 W, 0 W, 0 W, 0 W, 0 W, 0 W, 0 W, 0 W, 3 W, 1 W, 18 W, 3 W, 1 W, 0 W, 0 W, 0 W, 0 W, 0 W, 28 W,.000,.000,.000,.000,.000,.146,.005,.122,.000,.000,.113,.013,.058,.043,.000,.001,.001,.000,.000,.000,.000,.011,.000,.069,.011,.004,.000,.000,.000,.000,.000,.110
2014-07-16 18:35:31,13290,104,.0 C,.0 C,.0 C,.0 C,.0 C,.0 C,.0 C,.0 C,0,0,0,0, 0 W, 0 W, 0 W, 0 W, 0 W, 53 W, 1 W, 1 W, 0 W, 0 W, 98 W, 3 W, 15 W, 11 W, 0 W, 0 W, 0 W, 0 W, 0 W, 0 W, 0 W, 3 W, 1 W, 18 W, 3 W, 1 W, 0 W, 0 W, 0 W, 0 W, 0 W, 30 W,.000,.000,.000,.000,.000,.148,.005,.122,.000,.000,.116,.013,.058,.043,.000,.001,.001,.000,.000,.000,.000,.012,.000,.070,.011,.004,.000,.000,.000,.000,.000,.111
2014-07-16 18:37:31,13410,103.7,.0 C,.0 C,.0 C,.0 C,.0 C,.0 C,.0 C,.0 C,0,0,0,0, 0 W, 0 W, 0 W, 0 W, 0 W, 125 W, 1 W, 1 W, 0 W, 0 W, 97 W, 3 W, 15 W, 11 W, 0 W, 0 W, 0 W, 0 W, 0 W, 0 W, 0 W, 4 W, 1 W, 18 W, 3 W, 1 W, 0 W, 0 W, 0 W, 0 W, 0 W, 18 W,.000,.000,.000,.000,.000,.152,.005,.122,.000,.000,.120,.013,.059,.044,.000,.001,.001,.000,.000,.000,.000,.012,.000,.070,.011,.004,.000,.000,.000,.000,.000,.112
2014-07-16 18:39:31,13530,104.4,.0 C,.0 C,.0 C,.0 C,.0 C,.0 C,.0 C,.0 C,0,0,0,0, 0 W, 0 W, 0 W, 0 W, 0 W, 127 W, 1 W, 1 W, 0 W, 0 W, 96 W, 3 W, 15 W, 11 W, 0 W, 0 W, 0 W, 0 W, 0 W, 0 W, 0 W, 4 W, 0 W, 18 W, 3 W, 1 W, 0 W, 0 W, 0 W, 0 W, 0 W, 19 W,.000,.000,.000,.000,.000,.156,.005,.122,.000,.000,.123,.013,.060,.044,.000,.001,.001,.000,.000,.000,.000,.012,.000,.071,.011,.004,.000,.000,.000,.000,.000,.112
2014-07-16 18:41:31,13650,104.2,.0 C,.0 C,.0 C,.0 C,.0 C,.0 C,.0 C,.0 C,0,0,0,0, 0 W, 0 W, 0 W, 0 W, 0 W, 128 W, 1 W, 1 W, 0 W, 0 W, 95 W, 3 W, 15 W, 11 W, 0 W, 0 W, 0 W, 0 W, 0 W, 0 W, 0 W, 4 W, 0 W, 18 W, 3 W, 1 W, 0 W, 0 W, 0 W, 0 W, 0 W, 20 W,.000,.000,.000,.000,.000,.160,.005,.123,.000,.000,.126,.013,.060,.044,.000,.001,.001,.000,.000,.000,.000,.012,.000,.072,.011,.004,.000,.000,.000,.000,.000,.113
2014-07-16 18:43:31,13770,103.4,.0 C,.0 C,.0 C,.0 C,.0 C,.0 C,.0 C,.0 C,0,0,0,0, 0 W, 0 W, 0 W, 0 W, 0 W, 126 W, 1 W, 1 W, 0 W, 0 W, 79 W, 3 W, 15 W, 11 W, 0 W, 0 W, 0 W, 0 W, 0 W, 0 W, 0 W, 4 W, 0 W, 18 W, 3 W, 0 W, 0 W, 0 W, 0 W, 0 W, 0 W, 25 W,.000,.000,.000,.000,.000,.165,.005,.123,.000,.000,.129,.013,.061,.045,.000,.001,.001,.000,.000,.000,.000,.012,.000,.072,.012,.004,.000,.000,.000,.000,.000,.114
2014-07-16 18:45:31,13890,103.6,.0 C,.0 C,.0 C,.0 C,.0 C,.0 C,.0 C,.0 C,0,0,0,0, 0 W, 0 W, 0 W, 0 W, 0 W, 121 W, 1 W, 1 W, 0 W, 0 W, 0 W, 3 W, 15 W, 11 W, 0 W, 0 W, 0 W, 0 W, 0 W, 0 W, 0 W, 3 W, 0 W, 18 W, 3 W, 0 W, 0 W, 0 W, 0 W, 0 W, 0 W, 52 W,.000,.000,.000,.000,.000,.169,.005,.123,.000,.000,.129,.013,.061,.045,.000,.001,.001,.000,.000,.000,.000,.012,.000,.073,.012,.004,.000,.000,.000,.000,.000,.115
2014-07-16 18:47:31,14010,103.5,.0 C,.0 C,.0 C,.0 C,.0 C,.0 C,.0 C,.0 C,0,0,0,0, 0 W, 0 W, 0 W, 0 W, 0 W, 114 W, 1 W, 1 W, 0 W, 0 W, 0 W, 3 W, 15 W, 11 W, 0 W, 0 W, 0 W, 0 W, 0 W, 0 W, 0 W, 3 W, 0 W, 18 W, 3 W, 0 W, 0 W, 0 W, 0 W, 0 W, 0 W, 49 W,.000,.000,.000,.000,.000,.173,.005,.123,.000,.000,.129,.013,.062,.046,.000,.001,.001,.000,.000,.000,.000,.012,.000,.073,.012,.004,.000,.000,.000,.000,.000,.117
2014-07-16 18:49:31,14130,103.6,.0 C,.0 C,.0 C,.0 C,.0 C,.0 C,.0 C,.0 C,0,0,0,0, 0 W, 0 W, 0 W, 0 W, 0 W, 112 W, 1 W, 18 W, 0 W, 0 W, 0 W, 3 W, 15 W, 11 W, 0 W, 0 W, 0 W, 0 W, 0 W, 0 W, 0 W, 3 W, 0 W, 18 W, 3 W, 0 W, 0 W, 0 W, 0 W, 0 W, 0 W, 54 W,.000,.000,.000,.000,.000,.176,.005,.123,.000,.000,.129,.014,.062,.046,.000,.001,.001,.000,.000,.000,.000,.012,.000,.074,.012,.004,.000,.000,.000,.000,.000,.119
2014-07-16 18:51:31,14250,104.4,.0 C,.0 C,.0 C,.0 C,.0 C,.0 C,.0 C,.0 C,0,0,0,0, 0 W, 0 W, 0 W, 0 W, 0 W, 109 W, 1 W, 106 W, 0 W, 0 W, 0 W, 3 W, 15 W, 11 W, 0 W, 0 W, 0 W, 0 W, 0 W, 0 W, 0 W, 3 W, 0 W, 19 W, 3 W, 1 W, 0 W, 0 W, 0 W, 0 W, 0 W, 86 W,.000,.000,.000,.000,.000,.180,.005,.127,.000,.000,.129,.014,.063,.046,.000,.001,.001,.000,.000,.000,.000,.013,.000,.075,.012,.004,.000,.000,.000,.000,.000,.122
2014-07-16 18:53:31,14370,104.1,.0 C,.0 C,.0 C,.0 C,.0 C,.0 C,.0 C,.0 C,0,0,0,0, 0 W, 0 W, 0 W, 0 W, 0 W, 107 W, 1 W, 96 W, 0 W, 0 W, 0 W, 3 W, 15 W, 11 W, 0 W, 0 W, 0 W, 0 W, 0 W, 0 W, 0 W, 3 W, 0 W, 19 W, 3 W, 0 W, 0 W, 0 W, 0 W, 0 W, 0 W, 81 W,.000,.000,.000,.000,.000,.184,.005,.130,.000,.000,.129,.014,.063,.047,.000,.001,.001,.000,.000,.000,.000,.013,.000,.075,.012,.004,.000,.000,.000,.000,.000,.125
2014-07-16 18:55:31,14490,104,.0 C,.0 C,.0 C,.0 C,.0 C,.0 C,.0 C,.0 C,0,0,0,0, 0 W, 0 W, 0 W, 0 W, 0 W, 105 W, 1 W, 93 W, 0 W, 0 W, 0 W, 3 W, 15 W, 11 W, 0 W, 0 W, 0 W, 0 W, 0 W, 0 W, 0 W, 3 W, 0 W, 19 W, 3 W, 1 W, 0 W, 0 W, 0 W, 0 W, 0 W, 79 W,.000,.000,.000,.000,.000,.187,.005,.133,.000,.000,.129,.014,.064,.047,.000,.001,.001,.000,.000,.000,.000,.013,.000,.076,.012,.004,.000,.000,.000,.000,.000,.127
2014-07-16 18:57:31,14610,104.1,.0 C,.0 C,.0 C,.0 C,.0 C,.0 C,.0 C,.0 C,0,0,0,0, 0 W, 0 W, 0 W, 0 W, 0 W, 103 W, 1 W, 91 W, 0 W, 0 W, 0 W, 3 W, 15 W, 11 W, 0 W, 0 W, 0 W, 0 W, 0 W, 0 W, 0 W, 3 W, 0 W, 19 W, 3 W, 0 W, 0 W, 0 W, 0 W, 0 W, 0 W, 78 W,.000,.000,.000,.000,.000,.191,.005,.136,.000,.000,.129,.014,.064,.047,.000,.001,.001,.000,.000,.000,.000,.013,.000,.077,.012,.004,.000,.000,.000,.000,.000,.130
2014-07-16 18:59:31,14730,104.1,.0 C,.0 C,.0 C,.0 C,.0 C,.0 C,.0 C,.0 C,0,0,0,0, 0 W, 0 W, 0 W, 0 W, 0 W, 101 W, 1 W, 60 W, 0 W, 0 W, 0 W, 3 W, 15 W, 11 W, 0 W, 0 W, 0 W, 0 W, 0 W, 0 W, 0 W, 3 W, 0 W, 19 W, 3 W, 0 W, 0 W, 0 W, 0 W, 0 W, 0 W, 66 W,.000,.000,.000,.000,.000,.194,.005,.138,.000,.000,.129,.014,.065,.048,.000,.001,.001,.000,.000,.000,.000,.013,.000,.077,.012,.004,.000,.000,.000,.000,.000,.132
2014-07-16 19:01:31,14850,104.2,.0 C,.0 C,.0 C,.0 C,.0 C,.0 C,.0 C,.0 C,0,0,0,0, 0 W, 0 W, 0 W, 0 W, 0 W, 99 W, 1 W, 4 W, 0 W, 0 W, 0 W, 3 W, 15 W, 11 W, 0 W, 0 W, 0 W, 0 W, 0 W, 0 W, 0 W, 3 W, 0 W, 18 W, 3 W, 0 W, 0 W, 0 W, 0 W, 0 W, 0 W, 45 W,.000,.000,.000,.000,.000,.197,.005,.138,.000,.000,.129,.014,.065,.048,.000,.001,.001,.000,.000,.000,.000,.013,.000,.078,.012,.004,.000,.000,.000,.000,.000,.134
2014-07-16 19:03:31,14970,104,.0 C,.0 C,.0 C,.0 C,.0 C,.0 C,.0 C,.0 C,0,0,0,0, 0 W, 0 W, 0 W, 0 W, 0 W, 97 W, 1 W, 4 W, 0 W, 0 W, 0 W, 3 W, 15 W, 11 W, 0 W, 0 W, 0 W, 0 W, 0 W, 0 W, 0 W, 3 W, 0 W, 18 W, 3 W, 0 W, 0 W, 0 W, 0 W, 0 W, 0 W, 44 W,.000,.000,.000,.000,.000,.200,.005,.139,.000,.000,.129,.014,.066,.049,.000,.001,.001,.000,.000,.000,.000,.013,.000,.079,.013,.004,.000,.000,.000,.000,.000,.135
2014-07-16 19:05:31,15090,104.2,.0 C,.0 C,.0 C,.0 C,.0 C,.0 C,.0 C,.0 C,0,0,0,0, 0 W, 0 W, 0 W, 0 W, 0 W, 96 W, 1 W, 4 W, 0 W, 0 W, 0 W, 3 W, 15 W, 11 W, 0 W, 0 W, 0 W, 0 W, 0 W, 0 W, 0 W, 3 W, 0 W, 18 W, 3 W, 0 W, 0 W, 0 W, 0 W, 0 W, 0 W, 44 W,.000,.000,.000,.000,.000,.204,.005,.139,.000,.000,.129,.014,.066,.049,.000,.001,.001,.000,.000,.000,.000,.013,.000,.079,.013,.004,.000,.000,.000,.000,.000,.137
2014-07-16 19:07:31,15210,104.8,.0 C,.0 C,.0 C,.0 C,.0 C,.0 C,.0 C,.0 C,0,0,0,0, 0 W, 0 W, 0 W, 0 W, 0 W, 61 W, 1 W, 4 W, 0 W, 0 W, 0 W, 3 W, 15 W, 12 W, 0 W, 0 W, 0 W, 0 W, 0 W, 0 W, 0 W, 3 W, 0 W, 18 W, 3 W, 0 W, 0 W, 0 W, 0 W, 0 W, 0 W, 31 W,.000,.000,.000,.000,.000,.206,.005,.139,.000,.000,.129,.015,.067,.049,.000,.001,.001,.000,.000,.000,.000,.013,.000,.080,.013,.004,.000,.000,.000,.000,.000,.138
2014-07-16 19:09:31,15330,104.3,.0 C,.0 C,.0 C,.0 C,.0 C,.0 C,.0 C,.0 C,0,0,0,0, 0 W, 0 W, 0 W, 0 W, 0 W, 0 W, 1 W, 4 W, 0 W, 0 W, 71 W, 3 W, 15 W, 11 W, 0 W, 0 W, 0 W, 0 W, 0 W, 0 W, 0 W, 3 W, 0 W, 18 W, 3 W, 1 W, 0 W, 0 W, 0 W, 0 W, 0 W, 24 W,.000,.000,.000,.000,.000,.206,.005,.139,.000,.000,.131,.015,.067,.050,.000,.001,.001,.000,.000,.000,.000,.013,.000,.080,.013,.004,.000,.000,.000,.000,.000,.138
2014-07-16 19:11:31,15450,104.7,.0 C,.0 C,.0 C,.0 C,.0 C,.0 C,.0 C,.0 C,0,0,0,0, 0 W, 0 W, 0 W, 0 W, 0 W, 0 W, 1 W, 80 W, 0 W, 0 W, 101 W, 3 W, 15 W, 11 W, 0 W, 0 W, 0 W, 0 W, 0 W, 0 W, 0 W, 3 W, 0 W, 18 W, 3 W, 0 W, 0 W, 0 W, 0 W, 0 W, 0 W, 22 W,.000,.000,.000,.000,.000,.206,.005,.142,.000,.000,.135,.015,.068,.050,.000,.001,.001,.000,.000,.000,.000,.014,.000,.081,.013,.004,.000,.000,.000,.000,.000,.139
2014-07-16 19:13:31,15570,105.2,.0 C,.0 C,.0 C,.0 C,.0 C,.0 C,.0 C,.0 C,0,0,0,0, 0 W, 0 W, 0 W, 0 W, 0 W, 0 W, 1 W, 106 W, 0 W, 0 W, 98 W, 3 W, 15 W, 11 W, 0 W, 0 W, 0 W, 0 W, 0 W, 0 W, 0 W, 3 W, 0 W, 18 W, 3 W, 1 W, 0 W, 0 W, 0 W, 0 W, 0 W, 10 W,.000,.000,.000,.000,.000,.206,.005,.145,.000,.000,.138,.015,.069,.051,.000,.001,.001,.000,.000,.000,.000,.014,.000,.082,.013,.004,.000,.000,.000,.000,.000,.139
2014-07-16 19:15:31,15690,104.6,.0 C,.0 C,.0 C,.0 C,.0 C,.0 C,.0 C,.0 C,0,0,0,0, 0 W, 0 W, 0 W, 0 W, 0 W, 0 W, 1 W, 103 W, 0 W, 0 W, 97 W, 3 W, 15 W, 11 W, 0 W, 0 W, 0 W, 0 W, 0 W, 0 W, 0 W, 3 W, 0 W, 19 W, 3 W, 1 W, 0 W, 0 W, 0 W, 0 W, 0 W, 10 W,.000,.000,.000,.000,.000,.206,.006,.149,.000,.000,.141,.015,.069,.051,.000,.001,.001,.000,.000,.000,.000,.014,.000,.082,.013,.004,.000,.000,.000,.000,.000,.140
2014-07-16 19:17:31,15810,104.2,.0 C,.0 C,.0 C,.0 C,.0 C,.0 C,.0 C,.0 C,0,0,0,0, 0 W, 0 W, 0 W, 0 W, 0 W, 0 W, 1 W, 98 W, 0 W, 0 W, 110 W, 3 W, 15 W, 11 W, 0 W, 0 W, 0 W, 0 W, 0 W, 0 W, 0 W, 34 W, 0 W, 19 W, 3 W, 0 W, 0 W, 0 W, 0 W, 0 W, 0 W, 14 W,.000,.000,.000,.000,.000,.206,.006,.152,.000,.000,.145,.015,.070,.051,.000,.001,.001,.000,.000,.000,.000,.015,.000,.083,.013,.004,.000,.000,.000,.000,.000,.140
2014-07-16 19:19:31,15930,104.8,.0 C,.0 C,.0 C,.0 C,.0 C,.0 C,.0 C,.0 C,0,0,0,0, 0 W, 0 W, 0 W, 0 W, 0 W, 0 W, 1 W, 95 W, 0 W, 0 W, 100 W, 3 W, 16 W, 11 W, 0 W, 0 W, 0 W, 0 W, 0 W, 0 W, 0 W, 38 W, 0 W, 19 W, 3 W, 1 W, 0 W, 0 W, 0 W, 0 W, 0 W, 18 W,.000,.000,.000,.000,.000,.206,.006,.155,.000,.000,.148,.015,.070,.052,.000,.001,.001,.000,.000,.000,.000,.016,.000,.084,.013,.004,.000,.000,.000,.000,.000,.141
2014-07-16 19:21:31,16050,103.5,.0 C,.0 C,.0 C,.0 C,.0 C,.0 C,.0 C,.0 C,0,0,0,0, 0 W, 0 W, 0 W, 0 W, 0 W, 0 W, 1 W, 92 W, 0 W, 0 W, 98 W, 3 W, 111 W, 11 W, 0 W, 0 W, 0 W, 0 W, 0 W, 0 W, 0 W, 38 W, 19 W, 19 W, 3 W, 1 W, 0 W, 0 W, 0 W, 0 W, 0 W, 24 W,.000,.000,.000,.000,.000,.206,.006,.158,.000,.000,.151,.015,.074,.052,.000,.001,.001,.000,.000,.000,.000,.017,.001,.084,.013,.004,.000,.000,.000,.000,.000,.142
2014-07-16 19:23:31,16170,103.2,.0 C,.0 C,.0 C,.0 C,.0 C,.0 C,.0 C,.0 C,0,0,0,0, 0 W, 0 W, 0 W, 0 W, 0 W, 0 W, 1 W, 90 W, 0 W, 0 W, 97 W, 3 W, 111 W, 11 W, 0 W, 0 W, 0 W, 0 W, 0 W, 0 W, 0 W, 38 W, 19 W, 19 W, 3 W, 1 W, 0 W, 0 W, 0 W, 0 W, 0 W, 24 W,.000,.000,.000,.000,.000,.206,.006,.161,.000,.000,.155,.015,.078,.052,.000,.001,.001,.000,.000,.000,.000,.019,.002,.085,.014,.004,.000,.000,.000,.000,.000,.143
2014-07-16 19:25:31,16290,103.1,.0 C,.0 C,.0 C,.0 C,.0 C,.0 C,.0 C,.0 C,0,0,0,0, 0 W, 0 W, 0 W, 0 W, 0 W, 0 W, 1 W, 36 W, 0 W, 0 W, 97 W, 3 W, 111 W, 11 W, 0 W, 0 W, 0 W, 0 W, 0 W, 0 W, 0 W, 37 W, 19 W, 19 W, 3 W, 0 W, 0 W, 0 W, 0 W, 0 W, 0 W, 44 W,.000,.000,.000,.000,.000,.206,.006,.162,.000,.000,.158,.016,.081,.053,.000,.001,.001,.000,.000,.000,.000,.020,.002,.086,.014,.005,.000,.000,.000,.000,.000,.144
2014-07-16 19:27:31,16410,103.4,.0 C,.0 C,.0 C,.0 C,.0 C,.0 C,.0 C,.0 C,0,0,0,0, 0 W, 0 W, 0 W, 0 W, 0 W, 0 W, 1 W, 1 W, 0 W, 0 W, 96 W, 3 W, 111 W, 11 W, 0 W, 0 W, 0 W, 0 W, 0 W, 0 W, 0 W, 37 W, 19 W, 18 W, 3 W, 0 W, 0 W, 0 W, 0 W, 0 W, 0 W, 57 W,.000,.000,.000,.000,.000,.206,.006,.162,.000,.000,.161,.016,.085,.053,.000,.001,.001,.000,.000,.000,.000,.021,.003,.086,.014,.005,.000,.000,.000,.000,.000,.146
2014-07-16 19:29:31,16530,104.7,.0 C,.0 C,.0 C,.0 C,.0 C,.0 C,.0 C,.0 C,0,0,0,0, 0 W, 0 W, 0 W, 0 W, 0 W, 0 W, 1 W, 1 W, 0 W, 0 W, 95 W, 3 W, 112 W, 11 W, 0 W, 0 W, 0 W, 0 W, 0 W, 0 W, 0 W, 37 W, 14 W, 18 W, 3 W, 0 W, 0 W, 0 W, 0 W, 0 W, 0 W, 55 W,.000,.000,.000,.000,.000,.206,.006,.162,.000,.000,.164,.016,.089,.054,.000,.001,.001,.000,.000,.000,.000,.023,.004,.087,.014,.005,.000,.000,.000,.000,.000,.148
2014-07-16 19:31:31,16650,104.6,.0 C,.0 C,.0 C,.0 C,.0 C,.0 C,.0 C,.0 C,0,0,0,0, 0 W, 0 W, 0 W, 0 W, 0 W, 0 W, 1 W, 1 W, 0 W, 0 W, 99 W, 3 W, 113 W, 11 W, 0 W, 0 W, 0 W, 0 W, 0 W, 0 W, 0 W, 16 W, 0 W, 19 W, 3 W, 0 W, 0 W, 0 W, 0 W, 0 W, 0 W, 59 W,.000,.000,.000,.000,.000,.206,.006,.163,.000,.000,.168,.016,.093,.054,.000,.001,.001,.000,.000,.000,.000,.023,.004,.088,.014,.005,.000,.000,.000,.000,.000,.150
2014-07-16 19:33:31,16770,104.2,.0 C,.0 C,.0 C,.0 C,.0 C,.0 C,.0 C,.0 C,0,0,0,0, 0 W, 0 W, 0 W, 0 W, 0 W, 0 W, 1 W, 1 W, 0 W, 0 W, 22 W, 3 W, 113 W, 11 W, 0 W, 0 W, 0 W, 0 W, 0 W, 0 W, 0 W, 3 W, 0 W, 18 W, 3 W, 0 W, 0 W, 0 W, 0 W, 0 W, 0 W, 36 W,.000,.000,.000,.000,.000,.206,.006,.163,.000,.000,.168,.016,.096,.054,.000,.001,.001,.000,.000,.000,.000,.023,.004,.088,.014,.005,.000,.000,.000,.000,.000,.151
2014-07-16 19:35:31,16890,104.1,.0 C,.0 C,.0 C,.0 C,.0 C,.0 C,.0 C,.0 C,0,0,0,0, 0 W, 0 W, 0 W, 0 W, 0 W, 33 W, 1 W, 1 W, 0 W, 0 W, 0 W, 3 W, 113 W, 11 W, 0 W, 0 W, 0 W, 0 W, 0 W, 0 W, 0 W, 3 W, 0 W, 18 W, 3 W, 1 W, 0 W, 0 W, 0 W, 0 W, 0 W, 28 W,.000,.000,.000,.000,.000,.207,.006,.163,.000,.000,.168,.016,.100,.055,.000,.001,.001,.000,.000,.000,.000,.023,.004,.089,.014,.005,.000,.000,.000,.000,.000,.152
2014-07-16 19:37:31,17010,104.4,.0 C,.0 C,.0 C,.0 C,.0 C,.0 C,.0 C,.0 C,0,0,0,0, 0 W, 0 W, 0 W, 0 W, 0 W, 109 W, 1 W, 1 W, 0 W, 0 W, 0 W, 3 W, 113 W, 11 W, 0 W, 0 W, 0 W, 0 W, 0 W, 0 W, 0 W, 3 W, 0 W, 18 W, 3 W, 1 W, 0 W, 0 W, 0 W, 0 W, 0 W, 11 W,.000,.000,.000,.000,.000,.211,.006,.163,.000,.000,.168,.016,.104,.055,.000,.001,.001,.000,.000,.000,.000,.023,.004,.089,.014,.005,.000,.000,.000,.000,.000,.152
2014-07-16 19:39:31,17130,104.4,.0 C,.0 C,.0 C,.0 C,.0 C,.0 C,.0 C,.0 C,0,0,0,0, 0 W, 0 W, 0 W, 0 W, 0 W, 102 W, 1 W, 1 W, 0 W, 0 W, 0 W, 3 W, 113 W, 11 W, 0 W, 0 W, 0 W, 0 W, 0 W, 0 W, 0 W, 3 W, 0 W, 18 W, 3 W, 0 W, 0 W, 0 W, 0 W, 0 W, 0 W, 8 W,.000,.000,.000,.000,.000,.214,.006,.163,.000,.000,.168,.016,.108,.056,.000,.001,.001,.000,.000,.000,.000,.023,.004,.090,.014,.005,.000,.000,.000,.000,.000,.153
2014-07-16 19:41:31,17250,103.7,.0 C,.0 C,.0 C,.0 C,.0 C,.0 C,.0 C,.0 C,0,0,0,0, 0 W, 0 W, 0 W, 0 W, 0 W, 99 W, 1 W, 1 W, 0 W, 0 W, 0 W, 3 W, 16 W, 11 W, 0 W, 0 W, 0 W, 0 W, 0 W, 0 W, 0 W, 3 W, 0 W, 18 W, 3 W, 0 W, 0 W, 0 W, 0 W, 0 W, 0 W, 44 W,.000,.000,.000,.000,.000,.217,.006,.163,.000,.000,.168,.016,.108,.056,.000,.001,.001,.000,.000,.000,.000,.024,.004,.091,.014,.005,.000,.000,.000,.000,.000,.154
2014-07-16 19:43:31,17370,103.7,.0 C,.0 C,.0 C,.0 C,.0 C,.0 C,.0 C,.0 C,0,0,0,0, 0 W, 0 W, 0 W, 0 W, 0 W, 97 W, 1 W, 1 W, 0 W, 0 W, 0 W, 3 W, 15 W, 11 W, 0 W, 0 W, 0 W, 0 W, 0 W, 0 W, 0 W, 3 W, 0 W, 18 W, 3 W, 1 W, 0 W, 0 W, 0 W, 0 W, 0 W, 43 W,.000,.000,.000,.000,.000,.221,.006,.163,.000,.000,.168,.017,.109,.056,.000,.001,.001,.000,.000,.000,.000,.024,.004,.091,.015,.005,.000,.000,.000,.000,.000,.155
2014-07-16 19:45:31,17490,103.9,.0 C,.0 C,.0 C,.0 C,.0 C,.0 C,.0 C,.0 C,0,0,0,0, 0 W, 0 W, 0 W, 0 W, 0 W, 96 W, 1 W, 1 W, 0 W, 0 W, 0 W, 3 W, 15 W, 11 W, 0 W, 0 W, 0 W, 0 W, 0 W, 0 W, 0 W, 3 W, 0 W, 18 W, 3 W, 1 W, 0 W, 0 W, 0 W, 0 W, 0 W, 42 W,.000,.000,.000,.000,.000,.224,.006,.163,.000,.000,.168,.017,.109,.057,.000,.001,.001,.000,.000,.000,.000,.024,.004,.092,.015,.005,.000,.000,.000,.000,.000,.157
2014-07-16 19:47:31,17610,103.8,.0 C,.0 C,.0 C,.0 C,.0 C,.0 C,.0 C,.0 C,0,0,0,0, 0 W, 0 W, 0 W, 0 W, 0 W, 95 W, 1 W, 1 W, 0 W, 0 W, 0 W, 3 W, 15 W, 11 W, 0 W, 0 W, 0 W, 0 W, 0 W, 0 W, 0 W, 3 W, 0 W, 18 W, 3 W, 1 W, 0 W, 0 W, 0 W, 0 W, 0 W, 42 W,.000,.000,.000,.000,.000,.227,.006,.163,.000,.000,.168,.017,.110,.057,.000,.001,.001,.000,.000,.000,.000,.024,.004,.093,.015,.005,.000,.000,.000,.000,.000,.158
2014-07-16 19:49:31,17730,103.8,.0 C,.0 C,.0 C,.0 C,.0 C,.0 C,.0 C,.0 C,0,0,0,0, 0 W, 0 W, 0 W, 0 W, 0 W, 41 W, 1 W, 1 W, 0 W, 0 W, 0 W, 3 W, 15 W, 11 W, 0 W, 0 W, 0 W, 0 W, 0 W, 0 W, 0 W, 3 W, 0 W, 18 W, 3 W, 1 W, 0 W, 0 W, 0 W, 0 W, 0 W, 22 W,.000,.000,.000,.000,.000,.228,.006,.163,.000,.000,.168,.017,.110,.057,.000,.001,.001,.000,.000,.000,.000,.024,.004,.093,.015,.005,.000,.000,.000,.000,.000,.159
2014-07-16 19:51:31,17850,104.1,.0 C,.0 C,.0 C,.0 C,.0 C,.0 C,.0 C,.0 C,0,0,0,0, 0 W, 0 W, 0 W, 0 W, 0 W, 0 W, 1 W, 1 W, 0 W, 0 W, 0 W, 3 W, 15 W, 11 W, 0 W, 0 W, 0 W, 0 W, 0 W, 0 W, 0 W, 3 W, 0 W, 18 W, 3 W, 1 W, 0 W, 0 W, 0 W, 0 W, 0 W, 7 W,.000,.000,.000,.000,.000,.228,.006,.163,.000,.000,.168,.017,.111,.058,.000,.001,.001,.000,.000,.000,.000,.024,.004,.094,.015,.005,.000,.000,.000,.000,.000,.159
2014-07-16 19:53:31,17970,104.6,.0 C,.0 C,.0 C,.0 C,.0 C,.0 C,.0 C,.0 C,0,0,0,0, 0 W, 0 W, 0 W, 0 W, 0 W, 0 W, 1 W, 1 W, 0 W, 0 W, 0 W, 3 W, 15 W, 11 W, 0 W, 0 W, 0 W, 0 W, 0 W, 0 W, 0 W, 3 W, 0 W, 18 W, 3 W, 1 W, 0 W, 0 W, 0 W, 0 W, 0 W, 7 W,.000,.000,.000,.000,.000,.228,.006,.163,.000,.000,.168,.017,.111,.058,.000,.001,.001,.000,.000,.000,.000,.024,.004,.094,.015,.005,.000,.000,.000,.000,.000,.160
2014-07-16 19:55:31,18090,104.5,.0 C,.0 C,.0 C,.0 C,.0 C,.0 C,.0 C,.0 C,0,0,0,0, 0 W, 0 W, 0 W, 0 W, 0 W, 0 W, 1 W, 1 W, 0 W, 0 W, 53 W, 3 W, 15 W, 11 W, 0 W, 0 W, 0 W, 0 W, 0 W, 0 W, 0 W, 3 W, 0 W, 18 W, 3 W, 1 W, 0 W, 0 W, 0 W, 0 W, 0 W, 21 W,.000,.000,.000,.000,.000,.228,.006,.163,.000,.000,.170,.017,.112,.059,.000,.001,.001,.000,.000,.000,.000,.024,.004,.095,.015,.005,.000,.000,.000,.000,.000,.160
2014-07-16 19:57:31,18210,104.4,.0 C,.0 C,.0 C,.0 C,.0 C,.0 C,.0 C,.0 C,0,0,0,0, 0 W, 0 W, 0 W, 0 W, 0 W, 0 W, 1 W, 1 W, 0 W, 0 W, 104 W, 3 W, 15 W, 11 W, 0 W, 0 W, 0 W, 0 W, 0 W, 0 W, 0 W, 3 W, 0 W, 18 W, 3 W, 1 W, 0 W, 0 W, 0 W, 0 W, 0 W, 29 W,.000,.000,.000,.000,.000,.228,.006,.163,.000,.000,.174,.017,.112,.059,.000,.001,.001,.000,.000,.000,.000,.024,.004,.096,.015,.005,.000,.000,.000,.000,.000,.161
2014-07-16 19:59:31,18330,105.1,.0 C,.0 C,.0 C,.0 C,.0 C,.0 C,.0 C,.0 C,0,0,0,0, 0 W, 0 W, 0 W, 0 W, 0 W, 0 W, 1 W, 1 W, 0 W, 0 W, 98 W, 3 W, 16 W, 11 W, 0 W, 0 W, 0 W, 0 W, 0 W, 0 W, 0 W, 3 W, 0 W, 18 W, 3 W, 1 W, 0 W, 0 W, 0 W, 0 W, 0 W, 27 W,.000,.000,.000,.000,.000,.228,.006,.163,.000,.000,.177,.017,.113,.059,.000,.001,.001,.000,.000,.000,.000,.024,.004,.096,.015,.005,.000,.000,.000,.000,.000,.162
2014-07-16 20:01:31,18450,104.6,.0 C,.0 C,.0 C,.0 C,.0 C,.0 C,.0 C,.0 C,0,0,0,0, 0 W, 0 W, 0 W, 0 W, 0 W, 0 W, 1 W, 1 W, 0 W, 0 W, 97 W, 3 W, 15 W, 11 W, 0 W, 0 W, 0 W, 0 W, 0 W, 0 W, 0 W, 3 W, 0 W, 18 W, 3 W, 1 W, 0 W, 0 W, 0 W, 0 W, 0 W, 27 W,.000,.000,.000,.000,.000,.228,.006,.163,.000,.000,.180,.018,.114,.060,.000,.001,.001,.000,.000,.000,.000,.025,.004,.097,.015,.005,.000,.000,.000,.000,.000,.163
2014-07-16 20:03:31,18570,105,.0 C,.0 C,.0 C,.0 C,.0 C,.0 C,.0 C,.0 C,0,0,0,0, 0 W, 0 W, 0 W, 0 W, 0 W, 0 W, 1 W, 16 W, 0 W, 0 W, 96 W, 3 W, 15 W, 11 W, 0 W, 0 W, 0 W, 0 W, 0 W, 0 W, 0 W, 3 W, 0 W, 18 W, 3 W, 1 W, 0 W, 0 W, 0 W, 0 W, 0 W, 27 W,.000,.000,.000,.000,.000,.228,.007,.164,.000,.000,.183,.018,.114,.060,.000,.001,.001,.000,.000,.000,.000,.025,.004,.098,.016,.005,.000,.000,.000,.000,.000,.164
2014-07-16 20:05:31,18690,104.8,.0 C,.0 C,.0 C,.0 C,.0 C,.0 C,.0 C,.0 C,0,0,0,0, 0 W, 0 W, 0 W, 0 W, 0 W, 0 W, 1 W, 106 W, 0 W, 0 W, 95 W, 3 W, 16 W, 11 W, 0 W, 0 W, 0 W, 0 W, 0 W, 0 W, 0 W, 3 W, 0 W, 18 W, 3 W, 1 W, 0 W, 0 W, 0 W, 0 W, 0 W, 11 W,.000,.000,.000,.000,.000,.228,.007,.167,.000,.000,.186,.018,.115,.060,.000,.001,.001,.000,.000,.000,.000,.025,.004,.098,.016,.005,.000,.000,.000,.000,.000,.164
2014-07-16 20:07:31,18810,104.7,.0 C,.0 C,.0 C,.0 C,.0 C,.0 C,.0 C,.0 C,0,0,0,0, 0 W, 0 W, 0 W, 0 W, 0 W, 0 W, 1 W, 96 W, 0 W, 0 W, 94 W, 3 W, 15 W, 11 W, 0 W, 0 W, 0 W, 0 W, 0 W, 0 W, 0 W, 3 W, 0 W, 18 W, 3 W, 1 W, 0 W, 0 W, 0 W, 0 W, 0 W, 7 W,.000,.000,.000,.000,.000,.228,.007,.170,.000,.000,.190,.018,.115,.061,.000,.001,.001,.000,.000,.000,.000,.025,.004,.099,.016,.005,.000,.000,.000,.000,.000,.165
2014-07-16 20:09:31,18930,104.9,.0 C,.0 C,.0 C,.0 C,.0 C,.0 C,.0 C,.0 C,0,0,0,0, 0 W, 0 W, 0 W, 0 W, 0 W, 0 W, 1 W, 94 W, 0 W, 0 W, 46 W, 3 W, 15 W, 11 W, 0 W, 0 W, 0 W, 0 W, 0 W, 0 W, 0 W, 3 W, 0 W, 18 W, 3 W, 1 W, 0 W, 0 W, 0 W, 0 W, 0 W, 24 W,.000,.000,.000,.000,.000,.228,.007,.174,.000,.000,.191,.018,.116,.061,.000,.001,.001,.000,.000,.000,.000,.025,.004,.100,.016,.005,.000,.000,.000,.000,.000,.165
2014-07-16 20:11:31,19050,105.2,.0 C,.0 C,.0 C,.0 C,.0 C,.0 C,.0 C,.0 C,0,0,0,0, 0 W, 0 W, 0 W, 0 W, 0 W, 0 W, 1 W, 92 W, 0 W, 0 W, 0 W, 3 W, 16 W, 11 W, 0 W, 0 W, 0 W, 0 W, 0 W, 0 W, 0 W, 3 W, 0 W, 18 W, 3 W, 1 W, 0 W, 0 W, 0 W, 0 W, 0 W, 40 W,.000,.000,.000,.000,.000,.228,.007,.177,.000,.000,.191,.018,.116,.062,.000,.001,.001,.000,.000,.000,.000,.025,.004,.100,.016,.005,.000,.000,.000,.000,.000,.167
2014-07-16 20:13:31,19170,104.9,.0 C,.0 C,.0 C,.0 C,.0 C,.0 C,.0 C,.0 C,0,0,0,0, 0 W, 0 W, 0 W, 0 W, 0 W, 0 W, 1 W, 84 W, 0 W, 0 W, 0 W, 3 W, 15 W, 11 W, 0 W, 0 W, 0 W, 0 W, 0 W, 0 W, 0 W, 3 W, 0 W, 18 W, 3 W, 1 W, 0 W, 0 W, 0 W, 0 W, 0 W, 38 W,.000,.000,.000,.000,.000,.228,.007,.180,.000,.000,.191,.018,.117,.062,.000,.001,.001,.000,.000,.000,.000,.025,.004,.101,.016,.005,.000,.000,.000,.000,.000,.168
2014-07-16 20:15:31,19290,104.8,.0 C,.0 C,.0 C,.0 C,.0 C,.0 C,.0 C,.0 C,0,0,0,0, 0 W, 0 W, 0 W, 0 W, 0 W, 0 W, 1 W, 4 W, 0 W, 0 W, 0 W, 3 W, 16 W, 11 W, 0 W, 0 W, 0 W, 0 W, 0 W, 0 W, 0 W, 3 W, 0 W, 18 W, 3 W, 1 W, 0 W, 0 W, 0 W, 0 W, 0 W, 8 W,.000,.000,.000,.000,.000,.228,.007,.180,.000,.000,.191,.018,.117,.062,.000,.001,.001,.000,.000,.000,.000,.025,.004,.101,.016,.005,.000,.000,.000,.000,.000,.168
2014-07-16 20:17:31,19410,104.9,.0 C,.0 C,.0 C,.0 C,.0 C,.0 C,.0 C,.0 C,0,0,0,0, 0 W, 0 W, 0 W, 0 W, 0 W, 0 W, 1 W, 4 W, 0 W, 0 W, 0 W, 3 W, 15 W, 11 W, 0 W, 0 W, 0 W, 0 W, 0 W, 0 W, 0 W, 3 W, 0 W, 18 W, 3 W, 1 W, 0 W, 0 W, 0 W, 0 W, 0 W, 8 W,.000,.000,.000,.000,.000,.228,.007,.180,.000,.000,.191,.019,.118,.063,.000,.001,.001,.000,.000,.000,.000,.025,.004,.102,.016,.005,.000,.000,.000,.000,.000,.169
2014-07-16 20:19:31,19530,104.9,.0 C,.0 C,.0 C,.0 C,.0 C,.0 C,.0 C,.0 C,0,0,0,0, 0 W, 0 W, 0 W, 0 W, 0 W, 0 W, 1 W, 4 W, 0 W, 0 W, 0 W, 3 W, 15 W, 11 W, 0 W, 0 W, 0 W, 0 W, 0 W, 0 W, 0 W, 3 W, 0 W, 18 W, 3 W, 1 W, 0 W, 0 W, 0 W, 0 W, 0 W, 8 W,.000,.000,.000,.000,.000,.228,.007,.180,.000,.000,.191,.019,.118,.063,.000,.001,.001,.000,.000,.000,.000,.025,.004,.103,.016,.005,.000,.000,.000,.000,.000,.169
2014-07-16 20:21:31,19650,105,.0 C,.0 C,.0 C,.0 C,.0 C,.0 C,.0 C,.0 C,0,0,0,0, 0 W, 0 W, 0 W, 0 W, 0 W, 35 W, 1 W, 4 W, 0 W, 0 W, 0 W, 3 W, 15 W, 11 W, 0 W, 0 W, 0 W, 0 W, 0 W, 0 W, 0 W, 3 W, 0 W, 18 W, 3 W, 1 W, 0 W, 0 W, 0 W, 0 W, 0 W, 21 W,.000,.000,.000,.000,.000,.230,.007,.180,.000,.000,.191,.019,.119,.064,.000,.001,.001,.000,.000,.000,.000,.026,.004,.103,.016,.005,.000,.000,.000,.000,.000,.170
2014-07-16 20:23:31,19770,105.4,.0 C,.0 C,.0 C,.0 C,.0 C,.0 C,.0 C,.0 C,0,0,0,0, 0 W, 0 W, 0 W, 0 W, 0 W, 110 W, 1 W, 4 W, 0 W, 0 W, 0 W, 3 W, 16 W, 11 W, 0 W, 0 W, 0 W, 0 W, 0 W, 0 W, 0 W, 3 W, 0 W, 18 W, 3 W, 1 W, 0 W, 0 W, 0 W, 0 W, 0 W, 48 W,.000,.000,.000,.000,.000,.233,.007,.180,.000,.000,.191,.019,.119,.064,.000,.001,.001,.000,.000,.000,.000,.026,.004,.104,.017,.005,.000,.000,.000,.000,.000,.171
2014-07-16 20:25:31,19890,105,.0 C,.0 C,.0 C,.0 C,.0 C,.0 C,.0 C,.0 C,0,0,0,0, 0 W, 0 W, 0 W, 0 W, 0 W, 102 W, 1 W, 104 W, 0 W, 0 W, 0 W, 3 W, 16 W, 11 W, 0 W, 0 W, 0 W, 0 W, 0 W, 0 W, 0 W, 3 W, 0 W, 18 W, 3 W, 0 W, 0 W, 0 W, 0 W, 0 W, 0 W, 82 W,.000,.000,.000,.000,.000,.237,.007,.184,.000,.000,.191,.019,.120,.064,.000,.001,.001,.000,.000,.000,.000,.026,.004,.105,.017,.005,.000,.000,.000,.000,.000,.174
2014-07-16 20:27:31,20010,105.1,.0 C,.0 C,.0 C,.0 C,.0 C,.0 C,.0 C,.0 C,0,0,0,0, 0 W, 0 W, 0 W, 0 W, 0 W, 100 W, 1 W, 105 W, 0 W, 0 W, 0 W, 3 W, 16 W, 11 W, 0 W, 0 W, 0 W, 0 W, 0 W, 0 W, 0 W, 3 W, 0 W, 18 W, 3 W, 0 W, 0 W, 0 W, 0 W, 0 W, 0 W, 81 W,.000,.000,.000,.000,.000,.240,.007,.187,.000,.000,.191,.019,.120,.065,.000,.001,.001,.000,.000,.000,.000,.026,.004,.105,.017,.006,.000,.000,.000,.000,.000,.177
2014-07-16 20:29:31,20130,105.3,.0 C,.0 C,.0 C,.0 C,.0 C,.0 C,.0 C,.0 C,0,0,0,0, 0 W, 0 W, 0 W, 0 W, 0 W, 98 W, 1 W, 101 W, 0 W, 0 W, 0 W, 3 W, 16 W, 11 W, 0 W, 0 W, 0 W, 0 W, 0 W, 0 W, 0 W, 3 W, 0 W, 18 W, 3 W, 0 W, 0 W, 0 W, 0 W, 0 W, 0 W, 79 W,.000,.000,.000,.000,.000,.243,.007,.191,.000,.000,.191,.019,.121,.065,.000,.001,.001,.000,.000,.000,.000,.026,.004,.106,.017,.006,.000,.000,.000,.000,.000,.179
2014-07-16 20:31:31,20250,104.8,.0 C,.0 C,.0 C,.0 C,.0 C,.0 C,.0 C,.0 C,0,0,0,0, 0 W, 0 W, 0 W, 0 W, 0 W, 96 W, 1 W, 96 W, 0 W, 0 W, 0 W, 3 W, 16 W, 11 W, 0 W, 0 W, 0 W, 0 W, 0 W, 0 W, 0 W, 3 W, 0 W, 18 W, 3 W, 1 W, 0 W, 0 W, 0 W, 0 W, 0 W, 77 W,.000,.000,.000,.000,.000,.247,.007,.194,.000,.000,.191,.019,.122,.066,.000,.001,.001,.000,.000,.000,.000,.026,.004,.106,.017,.006,.000,.000,.000,.000,.000,.182
2014-07-16 20:33:31,20370,105.7,.0 C,.0 C,.0 C,.0 C,.0 C,.0 C,.0 C,.0 C,0,0,0,0, 0 W, 0 W, 0 W, 0 W, 0 W, 95 W, 1 W, 93 W, 0 W, 0 W, 91 W, 3 W, 16 W, 11 W, 0 W, 0 W, 0 W, 0 W, 0 W, 0 W, 0 W, 3 W, 0 W, 18 W, 3 W, 0 W, 0 W, 0 W, 0 W, 0 W, 0 W, 48 W,.000,.000,.000,.000,.000,.250,.007,.197,.000,.000,.194,.020,.122,.066,.000,.001,.001,.000,.000,.000,.000,.026,.004,.107,.017,.006,.000,.000,.000,.000,.000,.184
2014-07-16 20:35:31,20490,105.8,.0 C,.0 C,.0 C,.0 C,.0 C,.0 C,.0 C,.0 C,0,0,0,0, 0 W, 0 W, 0 W, 0 W, 0 W, 22 W, 1 W, 91 W, 0 W, 0 W, 100 W, 3 W, 16 W, 11 W, 0 W, 0 W, 0 W, 0 W, 0 W, 0 W, 0 W, 28 W, 30 W, 18 W, 3 W, 0 W, 0 W, 0 W, 0 W, 0 W, 0 W, 16 W,.000,.000,.000,.000,.000,.250,.007,.200,.000,.000,.198,.020,.123,.066,.000,.001,.001,.000,.000,.000,.000,.027,.005,.108,.017,.006,.000,.000,.000,.000,.000,.184
2014-07-16 20:37:31,20610,105.5,.0 C,.0 C,.0 C,.0 C,.0 C,.0 C,.0 C,.0 C,0,0,0,0, 0 W, 0 W, 0 W, 0 W, 0 W, 0 W, 1 W, 59 W, 0 W, 0 W, 105 W, 3 W, 16 W, 11 W, 0 W, 0 W, 0 W, 0 W, 0 W, 0 W, 0 W, 39 W, 66 W, 18 W, 3 W, 0 W, 0 W, 0 W, 0 W, 0 W, 0 W, 20 W,.000,.000,.000,.000,.000,.250,.007,.202,.000,.000,.201,.020,.123,.067,.000,.001,.001,.000,.000,.000,.000,.028,.007,.108,.017,.006,.000,.000,.000,.000,.000,.185
2014-07-16 20:39:31,20730,105.5,.0 C,.0 C,.0 C,.0 C,.0 C,.0 C,.0 C,.0 C,0,0,0,0, 0 W, 0 W, 0 W, 0 W, 0 W, 0 W, 1 W, 1 W, 0 W, 0 W, 99 W, 3 W, 16 W, 11 W, 0 W, 0 W, 0 W, 0 W, 0 W, 0 W, 0 W, 38 W, 65 W, 18 W, 3 W, 1 W, 0 W, 0 W, 0 W, 0 W, 0 W, 38 W,.000,.000,.000,.000,.000,.250,.007,.202,.000,.000,.204,.020,.124,.067,.000,.001,.001,.000,.000,.000,.000,.030,.009,.109,.017,.006,.000,.000,.000,.000,.000,.186
2014-07-16 20:41:31,20850,105.7,.0 C,.0 C,.0 C,.0 C,.0 C,.0 C,.0 C,.0 C,0,0,0,0, 0 W, 0 W, 0 W, 0 W, 0 W, 0 W, 1 W, 1 W, 0 W, 0 W, 98 W, 3 W, 16 W, 11 W, 0 W, 0 W, 0 W, 0 W, 0 W, 0 W, 0 W, 38 W, 64 W, 18 W, 3 W, 1 W, 0 W, 0 W, 0 W, 0 W, 0 W, 37 W,.000,.000,.000,.000,.000,.250,.007,.202,.000,.000,.208,.020,.124,.068,.000,.001,.001,.000,.000,.000,.000,.031,.011,.110,.017,.006,.000,.000,.000,.000,.000,.187
2014-07-16 20:43:31,20970,105.5,.0 C,.0 C,.0 C,.0 C,.0 C,.0 C,.0 C,.0 C,0,0,0,0, 0 W, 0 W, 0 W, 0 W, 0 W, 0 W, 1 W, 1 W, 0 W, 0 W, 97 W, 3 W, 16 W, 11 W, 0 W, 0 W, 0 W, 0 W, 0 W, 0 W, 0 W, 38 W, 64 W, 18 W, 3 W, 1 W, 0 W, 0 W, 0 W, 0 W, 0 W, 37 W,.000,.000,.000,.000,.000,.250,.007,.202,.000,.000,.211,.020,.125,.068,.000,.001,.001,.000,.000,.000,.000,.032,.013,.110,.018,.006,.000,.000,.000,.000,.000,.189
2014-07-16 20:45:31,21090,105.7,.0 C,.0 C,.0 C,.0 C,.0 C,.0 C,.0 C,.0 C,0,0,0,0, 0 W, 0 W, 0 W, 0 W, 0 W, 0 W, 1 W, 1 W, 0 W, 0 W, 96 W, 3 W, 16 W, 11 W, 0 W, 0 W, 0 W, 0 W, 0 W, 0 W, 0 W, 38 W, 64 W, 18 W, 3 W, 1 W, 0 W, 0 W, 0 W, 0 W, 0 W, 36 W,.000,.000,.000,.000,.000,.250,.007,.202,.000,.000,.214,.020,.125,.068,.000,.001,.001,.000,.000,.000,.000,.034,.015,.111,.018,.006,.000,.000,.000,.000,.000,.190
2014-07-16 20:47:31,21210,105.5,.0 C,.0 C,.0 C,.0 C,.0 C,.0 C,.0 C,.0 C,0,0,0,0, 0 W, 0 W, 0 W, 0 W, 0 W, 0 W, 1 W, 1 W, 0 W, 0 W, 95 W, 3 W, 16 W, 11 W, 0 W, 0 W, 0 W, 0 W, 0 W, 0 W, 0 W, 38 W, 64 W, 18 W, 3 W, 0 W, 0 W, 0 W, 0 W, 0 W, 0 W, 36 W,.000,.000,.000,.000,.000,.250,.007,.202,.000,.000,.217,.020,.126,.069,.000,.001,.001,.000,.000,.000,.000,.035,.018,.112,.018,.006,.000,.000,.000,.000,.000,.191
2014-07-16 20:49:31,21330,105.6,.0 C,.0 C,.0 C,.0 C,.0 C,.0 C,.0 C,.0 C,0,0,0,0, 0 W, 0 W, 0 W, 0 W, 0 W, 0 W, 1 W, 1 W, 0 W, 0 W, 48 W, 3 W, 16 W, 11 W, 0 W, 0 W, 0 W, 0 W, 0 W, 0 W, 0 W, 38 W, 64 W, 18 W, 3 W, 1 W, 0 W, 0 W, 0 W, 0 W, 0 W, 19 W,.000,.000,.000,.000,.000,.250,.008,.202,.000,.000,.219,.021,.126,.069,.000,.002,.001,.000,.000,.000,.000,.036,.020,.112,.018,.006,.000,.000,.000,.000,.000,.192
2014-07-16 20:51:31,21450,105,.0 C,.0 C,.0 C,.0 C,.0 C,.0 C,.0 C,.0 C,0,0,0,0, 0 W, 0 W, 0 W, 0 W, 0 W, 0 W, 1 W, 1 W, 0 W, 0 W, 0 W, 3 W, 16 W, 11 W, 0 W, 0 W, 0 W, 0 W, 0 W, 0 W, 0 W, 38 W, 64 W, 18 W, 3 W, 0 W, 0 W, 0 W, 0 W, 0 W, 0 W, 1 W,.000,.000,.000,.000,.000,.251,.008,.202,.000,.000,.219,.021,.127,.070,.000,.002,.001,.000,.000,.000,.000,.037,.022,.113,.018,.006,.000,.000,.000,.000,.000,.192
2014-07-16 20:53:31,21570,105.3,.0 C,.0 C,.0 C,.0 C,.0 C,.0 C,.0 C,.0 C,0,0,0,0, 0 W, 0 W, 0 W, 0 W, 0 W, 0 W, 1 W, 1 W, 0 W, 0 W, 0 W, 3 W, 16 W, 11 W, 0 W, 0 W, 0 W, 0 W, 0 W, 0 W, 0 W, 38 W, 63 W, 19 W, 3 W, 1 W, 0 W, 0 W, 0 W, 0 W, 0 W, 1 W,.000,.000,.000,.000,.000,.251,.008,.202,.000,.000,.219,.021,.127,.070,.000,.002,.001,.000,.000,.000,.000,.039,.024,.113,.018,.006,.000,.000,.000,.000,.000,.192
2014-07-16 20:55:31,21690,105.4,.0 C,.0 C,.0 C,.0 C,.0 C,.0 C,.0 C,.0 C,0,0,0,0, 0 W, 0 W, 0 W, 0 W, 0 W, 0 W, 1 W, 1 W, 0 W, 0 W, 0 W, 3 W, 16 W, 11 W, 0 W, 0 W, 0 W, 0 W, 0 W, 0 W, 0 W, 38 W, 63 W, 18 W, 3 W, 1 W, 0 W, 0 W, 0 W, 0 W, 0 W, 1 W,.000,.000,.000,.000,.000,.251,.008,.202,.000,.000,.219,.021,.128,.070,.000,.002,.001,.000,.000,.000,.000,.040,.026,.114,.018,.006,.000,.000,.000,.000,.000,.192
2014-07-16 20:57:31,21810,105.4,.0 C,.0 C,.0 C,.0 C,.0 C,.0 C,.0 C,.0 C,0,0,0,0, 0 W, 0 W, 0 W, 0 W, 0 W, 0 W, 1 W, 1 W, 0 W, 0 W, 0 W, 3 W, 16 W, 11 W, 0 W, 0 W, 0 W, 0 W, 0 W, 0 W, 0 W, 38 W, 64 W, 18 W, 3 W, 1 W, 0 W, 0 W, 0 W, 0 W, 0 W, 1 W,.000,.000,.000,.000,.000,.251,.008,.202,.000,.000,.219,.021,.128,.071,.000,.002,.001,.000,.000,.000,.000,.041,.028,.115,.018,.006,.000,.000,.000,.000,.000,.192
2014-07-16 20:59:31,21930,105.4,.0 C,.0 C,.0 C,.0 C,.0 C,.0 C,.0 C,.0 C,0,0,0,0, 0 W, 0 W, 0 W, 0 W, 0 W, 0 W, 1 W, 1 W, 0 W, 0 W, 0 W, 3 W, 16 W, 11 W, 0 W, 0 W, 0 W, 0 W, 0 W, 0 W, 0 W, 38 W, 63 W, 18 W, 3 W, 1 W, 0 W, 0 W, 0 W, 0 W, 0 W, 1 W,.000,.000,.000,.000,.000,.251,.008,.202,.000,.000,.219,.021,.129,.071,.000,.002,.001,.000,.000,.000,.000,.042,.030,.115,.018,.006,.000,.000,.000,.000,.000,.192
2014-07-16 21:01:31,22050,105.4,.0 C,.0 C,.0 C,.0 C,.0 C,.0 C,.0 C,.0 C,0,0,0,0, 0 W, 0 W, 0 W, 0 W, 0 W, 0 W, 1 W, 1 W, 0 W, 0 W, 17 W, 3 W, 16 W, 11 W, 0 W, 0 W, 0 W, 0 W, 0 W, 0 W, 0 W, 38 W, 70 W, 18 W, 3 W, 1 W, 0 W, 0 W, 0 W, 0 W, 0 W, 10 W,.000,.000,.000,.000,.000,.251,.008,.202,.000,.000,.220,.021,.130,.071,.000,.002,.001,.000,.000,.000,.000,.044,.033,.116,.018,.006,.000,.000,.000,.000,.000,.192
2014-07-16 21:03:31,22170,105.1,.0 C,.0 C,.0 C,.0 C,.0 C,.0 C,.0 C,.0 C,0,0,0,0, 0 W, 0 W, 0 W, 0 W, 0 W, 0 W, 1 W, 1 W, 0 W, 0 W, 0 W, 3 W, 16 W, 11 W, 0 W, 0 W, 0 W, 0 W, 0 W, 0 W, 0 W, 38 W, 63 W, 18 W, 3 W, 0 W, 0 W, 0 W, 0 W, 0 W, 0 W, 1 W,.000,.000,.000,.000,.000,.251,.008,.202,.000,.000,.220,.021,.130,.072,.000,.002,.001,.000,.000,.000,.000,.045,.035,.117,.019,.006,.000,.000,.000,.000,.000,.192
2014-07-16 21:05:31,22290,105.2,.0 C,.0 C,.0 C,.0 C,.0 C,.0 C,.0 C,.0 C,0,0,0,0, 0 W, 0 W, 0 W, 0 W, 0 W, 0 W, 1 W, 1 W, 0 W, 0 W, 0 W, 3 W, 16 W, 11 W, 0 W, 0 W, 0 W, 0 W, 0 W, 0 W, 0 W, 38 W, 63 W, 18 W, 3 W, 1 W, 0 W, 0 W, 0 W, 0 W, 0 W, 1 W,.000,.000,.000,.000,.000,.251,.008,.203,.000,.000,.220,.022,.131,.072,.000,.002,.001,.000,.000,.000,.000,.046,.037,.117,.019,.006,.000,.000,.000,.000,.000,.192
2014-07-16 21:07:31,22410,104.7,.0 C,.0 C,.0 C,.0 C,.0 C,.0 C,.0 C,.0 C,0,0,0,0, 0 W, 0 W, 0 W, 0 W, 0 W, 35 W, 1 W, 1 W, 0 W, 0 W, 0 W, 3 W, 16 W, 11 W, 0 W, 0 W, 0 W, 0 W, 0 W, 0 W, 0 W, 38 W, 63 W, 18 W, 3 W, 1 W, 0 W, 0 W, 0 W, 0 W, 0 W, 14 W,.000,.000,.000,.000,.000,.252,.008,.203,.000,.000,.220,.022,.131,.073,.000,.002,.001,.000,.000,.000,.000,.048,.039,.118,.019,.006,.000,.000,.000,.000,.000,.193
2014-07-16 21:09:31,22530,105.3,.0 C,.0 C,.0 C,.0 C,.0 C,.0 C,.0 C,.0 C,0,0,0,0, 0 W, 0 W, 0 W, 0 W, 0 W, 109 W, 1 W, 1 W, 0 W, 0 W, 30 W, 3 W, 15 W, 11 W, 0 W, 0 W, 0 W, 0 W, 0 W, 0 W, 0 W, 38 W, 63 W, 18 W, 3 W, 1 W, 0 W, 0 W, 0 W, 0 W, 0 W, 34 W,.000,.000,.000,.000,.000,.255,.008,.203,.000,.000,.221,.022,.132,.073,.000,.002,.001,.000,.000,.000,.000,.049,.041,.118,.019,.006,.000,.000,.000,.000,.000,.194
2014-07-16 21:11:31,22650,105.2,.0 C,.0 C,.0 C,.0 C,.0 C,.0 C,.0 C,.0 C,0,0,0,0, 0 W, 0 W, 0 W, 0 W, 0 W, 102 W, 1 W, 1 W, 0 W, 0 W, 107 W, 3 W, 16 W, 11 W, 0 W, 0 W, 0 W, 0 W, 0 W, 0 W, 0 W, 37 W, 63 W, 18 W, 3 W, 1 W, 0 W, 0 W, 0 W, 0 W, 0 W, 3 W,.000,.000,.000,.000,.000,.259,.008,.203,.000,.000,.224,.022,.132,.073,.000,.002,.001,.000,.000,.000,.000,.050,.043,.119,.019,.006,.000,.000,.000,.000,.000,.194
2014-07-16 21:13:31,22770,105.4,.0 C,.0 C,.0 C,.0 C,.0 C,.0 C,.0 C,.0 C,0,0,0,0, 0 W, 0 W, 0 W, 0 W, 0 W, 100 W, 1 W, 1 W, 0 W, 0 W, 99 W, 3 W, 16 W, 11 W, 0 W, 0 W, 0 W, 0 W, 0 W, 0 W, 0 W, 37 W, 63 W, 18 W, 3 W, 1 W, 0 W, 0 W, 0 W, 0 W, 0 W, 1 W,.000,.000,.000,.000,.000,.262,.008,.203,.000,.000,.227,.022,.133,.074,.000,.002,.001,.000,.000,.000,.000,.051,.045,.120,.019,.006,.000,.000,.000,.000,.000,.194
2014-07-16 21:15:31,22890,105,.0 C,.0 C,.0 C,.0 C,.0 C,.0 C,.0 C,.0 C,0,0,0,0, 0 W, 0 W, 0 W, 0 W, 0 W, 98 W, 1 W, 19 W, 0 W, 0 W, 98 W, 3 W, 16 W, 11 W, 0 W, 0 W, 0 W, 0 W, 0 W, 0 W, 0 W, 38 W, 63 W, 18 W, 3 W, 1 W, 0 W, 0 W, 0 W, 0 W, 0 W, 8 W,.000,.000,.000,.000,.000,.265,.008,.203,.000,.000,.231,.022,.133,.074,.000,.002,.001,.000,.000,.000,.000,.053,.048,.120,.019,.006,.000,.000,.000,.000,.000,.195
2014-07-16 21:17:31,23010,104.9,.0 C,.0 C,.0 C,.0 C,.0 C,.0 C,.0 C,.0 C,0,0,0,0, 0 W, 0 W, 0 W, 0 W, 0 W, 96 W, 1 W, 106 W, 0 W, 0 W, 97 W, 3 W, 16 W, 11 W, 0 W, 0 W, 0 W, 0 W, 0 W, 0 W, 0 W, 38 W, 64 W, 18 W, 3 W, 1 W, 0 W, 0 W, 0 W, 0 W, 0 W, 35 W,.000,.000,.000,.000,.000,.269,.008,.207,.000,.000,.234,.022,.134,.075,.000,.002,.001,.000,.000,.000,.000,.054,.050,.121,.019,.006,.000,.000,.000,.000,.000,.196
2014-07-16 21:19:31,23130,104.5,.0 C,.0 C,.0 C,.0 C,.0 C,.0 C,.0 C,.0 C,0,0,0,0, 0 W, 0 W, 0 W, 0 W, 0 W, 95 W, 1 W, 96 W, 0 W, 0 W, 96 W, 3 W, 16 W, 11 W, 0 W, 0 W, 0 W, 0 W, 0 W, 0 W, 0 W, 37 W, 63 W, 18 W, 3 W, 0 W, 0 W, 0 W, 0 W, 0 W, 0 W, 31 W,.000,.000,.000,.000,.000,.272,.008,.210,.000,.000,.237,.022,.134,.075,.000,.002,.001,.000,.000,.000,.000,.055,.052,.122,.019,.006,.000,.000,.000,.000,.000,.197
2014-07-16 21:21:31,23250,104.3,.0 C,.0 C,.0 C,.0 C,.0 C,.0 C,.0 C,.0 C,0,0,0,0, 0 W, 0 W, 0 W, 0 W, 0 W, 11 W, 1 W, 94 W, 0 W, 0 W, 95 W, 3 W, 16 W, 11 W, 0 W, 0 W, 0 W, 0 W, 0 W, 0 W, 0 W, 37 W, 63 W, 18 W, 3 W, 1 W, 0 W, 0 W, 0 W, 0 W, 0 W, 6 W,.000,.000,.000,.000,.000,.272,.008,.213,.000,.000,.240,.022,.135,.075,.000,.002,.001,.000,.000,.000,.000,.056,.054,.122,.019,.006,.000,.000,.000,.000,.000,.197
2014-07-16 21:23:31,23370,104.1,.0 C,.0 C,.0 C,.0 C,.0 C,.0 C,.0 C,.0 C,0,0,0,0, 0 W, 0 W, 0 W, 0 W, 0 W, 0 W, 1 W, 92 W, 0 W, 0 W, 94 W, 3 W, 15 W, 11 W, 0 W, 0 W, 0 W, 0 W, 0 W, 0 W, 0 W, 75 W, 63 W, 18 W, 3 W, 0 W, 0 W, 0 W, 0 W, 0 W, 0 W, 13 W,.000,.000,.000,.000,.000,.272,.008,.216,.000,.000,.244,.023,.135,.076,.000,.002,.001,.000,.000,.000,.000,.059,.056,.123,.020,.006,.000,.000,.000,.000,.000,.197
2014-07-16 21:25:31,23490,104.5,.0 C,.0 C,.0 C,.0 C,.0 C,.0 C,.0 C,.0 C,0,0,0,0, 0 W, 0 W, 0 W, 0 W, 0 W, 0 W, 1 W, 83 W, 0 W, 0 W, 93 W, 3 W, 15 W, 11 W, 0 W, 0 W, 0 W, 0 W, 0 W, 0 W, 0 W, 131 W, 63 W, 18 W, 3 W, 1 W, 0 W, 0 W, 0 W, 0 W, 0 W, 27 W,.000,.000,.000,.000,.000,.272,.008,.219,.000,.000,.247,.023,.136,.076,.000,.002,.001,.000,.000,.000,.000,.063,.058,.124,.020,.006,.000,.000,.000,.000,.000,.198
2014-07-16 21:27:31,23610,104.7,.0 C,.0 C,.0 C,.0 C,.0 C,.0 C,.0 C,.0 C,0,0,0,0, 0 W, 0 W, 0 W, 0 W, 0 W, 0 W, 1 W, 4 W, 0 W, 0 W, 23 W, 3 W, 16 W, 11 W, 0 W, 0 W, 0 W, 0 W, 0 W, 0 W, 0 W, 132 W, 63 W, 18 W, 3 W, 1 W, 0 W, 0 W, 0 W, 0 W, 0 W, 25 W,.000,.000,.000,.000,.000,.272,.008,.219,.000,.000,.247,.023,.137,.077,.000,.002,.001,.000,.000,.000,.000,.068,.060,.124,.020,.007,.000,.000,.000,.000,.000,.199
2014-07-16 21:29:31,23730,104.8,.0 C,.0 C,.0 C,.0 C,.0 C,.0 C,.0 C,.0 C,0,0,0,0, 0 W, 0 W, 0 W, 0 W, 0 W, 0 W, 1 W, 4 W, 0 W, 0 W, 0 W, 3 W, 16 W, 11 W, 0 W, 0 W, 0 W, 0 W, 0 W, 0 W, 0 W, 132 W, 63 W, 18 W, 3 W, 0 W, 0 W, 0 W, 0 W, 0 W, 0 W, 33 W,.000,.000,.000,.000,.000,.272,.008,.219,.000,.000,.247,.023,.137,.077,.000,.002,.001,.000,.000,.000,.000,.072,.062,.125,.020,.007,.000,.000,.000,.000,.000,.200
2014-07-16 21:31:31,23850,104.6,.0 C,.0 C,.0 C,.0 C,.0 C,.0 C,.0 C,.0 C,0,0,0,0, 0 W, 0 W, 0 W, 0 W, 0 W, 0 W, 1 W, 4 W, 0 W, 0 W, 0 W, 3 W, 16 W, 11 W, 0 W, 0 W, 0 W, 0 W, 0 W, 0 W, 0 W, 133 W, 63 W, 18 W, 3 W, 0 W, 0 W, 0 W, 0 W, 0 W, 0 W, 33 W,.000,.000,.000,.000,.000,.272,.008,.220,.000,.000,.247,.023,.138,.077,.000,.002,.001,.000,.000,.000,.000,.077,.065,.125,.020,.007,.000,.000,.000,.000,.000,.201
2014-07-16 21:33:31,23970,104.3,.0 C,.0 C,.0 C,.0 C,.0 C,.0 C,.0 C,.0 C,0,0,0,0, 0 W, 0 W, 0 W, 0 W, 0 W, 0 W, 1 W, 4 W, 0 W, 0 W, 0 W, 3 W, 16 W, 11 W, 0 W, 0 W, 0 W, 0 W, 0 W, 0 W, 0 W, 133 W, 63 W, 18 W, 3 W, 0 W, 0 W, 0 W, 0 W, 0 W, 0 W, 33 W,.000,.000,.000,.000,.000,.272,.008,.220,.000,.000,.247,.023,.138,.078,.000,.002,.001,.000,.000,.000,.000,.081,.067,.126,.020,.007,.000,.000,.000,.000,.000,.203
2014-07-16 21:35:31,24090,104.5,.0 C,.0 C,.0 C,.0 C,.0 C,.0 C,.0 C,.0 C,0,0,0,0, 0 W, 0 W, 0 W, 0 W, 0 W, 0 W, 1 W, 4 W, 0 W, 0 W, 0 W, 3 W, 15 W, 11 W, 0 W, 0 W, 0 W, 0 W, 0 W, 0 W, 0 W, 133 W, 63 W, 18 W, 3 W, 0 W, 0 W, 0 W, 0 W, 0 W, 0 W, 33 W,.000,.000,.000,.000,.000,.272,.009,.220,.000,.000,.247,.023,.139,.078,.000,.002,.001,.000,.000,.000,.000,.085,.069,.127,.020,.007,.000,.000,.000,.000,.000,.204
2014-07-16 21:37:31,24210,104.4,.0 C,.0 C,.0 C,.0 C,.0 C,.0 C,.0 C,.0 C,0,0,0,0, 0 W, 0 W, 0 W, 0 W, 0 W, 0 W, 1 W, 80 W, 0 W, 0 W, 0 W, 3 W, 15 W, 11 W, 0 W, 0 W, 0 W, 0 W, 0 W, 0 W, 0 W, 132 W, 63 W, 18 W, 3 W, 0 W, 0 W, 0 W, 0 W, 0 W, 0 W, 61 W,.000,.000,.000,.000,.000,.272,.009,.222,.000,.000,.247,.023,.139,.079,.000,.002,.001,.000,.000,.000,.000,.090,.071,.127,.020,.007,.000,.000,.000,.000,.000,.206
2014-07-16 21:39:31,24330,104.8,.0 C,.0 C,.0 C,.0 C,.0 C,.0 C,.0 C,.0 C,0,0,0,0, 0 W, 0 W, 0 W, 0 W, 0 W, 0 W, 1 W, 106 W, 0 W, 0 W, 0 W, 3 W, 16 W, 11 W, 0 W, 0 W, 0 W, 0 W, 0 W, 0 W, 0 W, 127 W, 63 W, 18 W, 3 W, 0 W, 0 W, 0 W, 0 W, 0 W, 0 W, 68 W,.000,.000,.000,.000,.000,.272,.009,.226,.000,.000,.247,.024,.140,.079,.000,.002,.001,.000,.000,.000,.000,.094,.073,.128,.020,.007,.000,.000,.000,.000,.000,.208
2014-07-16 21:41:31,24450,104.8,.0 C,.0 C,.0 C,.0 C,.0 C,.0 C,.0 C,.0 C,0,0,0,0, 0 W, 0 W, 0 W, 0 W, 0 W, 0 W, 1 W, 103 W, 0 W, 0 W, 0 W, 3 W, 16 W, 11 W, 0 W, 0 W, 0 W, 0 W, 0 W, 0 W, 0 W, 123 W, 63 W, 18 W, 3 W, 0 W, 0 W, 0 W, 0 W, 0 W, 0 W, 65 W,.000,.000,.000,.000,.000,.272,.009,.229,.000,.000,.247,.024,.140,.079,.000,.002,.001,.000,.000,.000,.000,.098,.075,.129,.020,.007,.000,.000,.000,.000,.000,.210
2014-07-16 21:43:31,24570,104.9,.0 C,.0 C,.0 C,.0 C,.0 C,.0 C,.0 C,.0 C,0,0,0,0, 0 W, 0 W, 0 W, 0 W, 0 W, 0 W, 1 W, 97 W, 0 W, 0 W, 0 W, 3 W, 16 W, 11 W, 0 W, 0 W, 0 W, 0 W, 0 W, 0 W, 0 W, 119 W, 63 W, 18 W, 3 W, 1 W, 0 W, 0 W, 0 W, 0 W, 0 W, 62 W,.000,.000,.000,.000,.000,.272,.009,.233,.000,.000,.247,.024,.141,.080,.000,.002,.001,.000,.000,.000,.000,.102,.077,.129,.021,.007,.000,.000,.000,.000,.000,.212
2014-07-16 21:45:31,24690,104.9,.0 C,.0 C,.0 C,.0 C,.0 C,.0 C,.0 C,.0 C,0,0,0,0, 0 W, 0 W, 0 W, 0 W, 0 W, 0 W, 1 W, 94 W, 0 W, 0 W, 0 W, 3 W, 16 W, 11 W, 0 W, 0 W, 0 W, 0 W, 0 W, 0 W, 0 W, 112 W, 63 W, 18 W, 3 W, 0 W, 0 W, 0 W, 0 W, 0 W, 0 W, 58 W,.000,.000,.000,.000,.000,.272,.009,.236,.000,.000,.247,.024,.141,.080,.000,.002,.001,.000,.000,.000,.000,.106,.079,.130,.021,.007,.000,.000,.000,.000,.000,.214
2014-07-16 21:47:31,24810,105,.0 C,.0 C,.0 C,.0 C,.0 C,.0 C,.0 C,.0 C,0,0,0,0, 0 W, 0 W, 0 W, 0 W, 0 W, 0 W, 1 W, 92 W, 0 W, 0 W, 0 W, 3 W, 16 W, 11 W, 0 W, 0 W, 0 W, 0 W, 0 W, 0 W, 0 W, 108 W, 63 W, 18 W, 3 W, 0 W, 0 W, 0 W, 0 W, 0 W, 0 W, 56 W,.000,.000,.000,.000,.000,.272,.009,.239,.000,.000,.247,.024,.142,.080,.000,.002,.001,.000,.000,.000,.000,.110,.081,.130,.021,.007,.000,.000,.000,.000,.000,.216
2014-07-16 21:49:31,24930,105.1,.0 C,.0 C,.0 C,.0 C,.0 C,.0 C,.0 C,.0 C,0,0,0,0, 0 W, 0 W, 0 W, 0 W, 0 W, 0 W, 1 W, 90 W, 0 W, 0 W, 58 W, 3 W, 16 W, 11 W, 0 W, 0 W, 0 W, 0 W, 0 W, 0 W, 0 W, 103 W, 63 W, 18 W, 3 W, 0 W, 0 W, 0 W, 0 W, 0 W, 0 W, 38 W,.000,.000,.000,.000,.000,.272,.009,.242,.000,.000,.249,.024,.142,.081,.000,.002,.001,.000,.000,.000,.000,.113,.084,.131,.021,.007,.000,.000,.000,.000,.000,.217
2014-07-16 21:51:31,25050,105.1,.0 C,.0 C,.0 C,.0 C,.0 C,.0 C,.0 C,.0 C,0,0,0,0, 0 W, 0 W, 0 W, 0 W, 0 W, 0 W, 1 W, 14 W, 0 W, 0 W, 102 W, 3 W, 16 W, 11 W, 0 W, 0 W, 0 W, 0 W, 0 W, 0 W, 0 W, 99 W, 63 W, 19 W, 3 W, 1 W, 0 W, 0 W, 0 W, 0 W, 0 W, 15 W,.000,.000,.000,.000,.000,.272,.009,.242,.000,.000,.253,.024,.143,.081,.000,.002,.001,.000,.000,.000,.000,.116,.086,.132,.021,.007,.000,.000,.000,.000,.000,.218
2014-07-16 21:53:31,25170,105,.0 C,.0 C,.0 C,.0 C,.0 C,.0 C,.0 C,.0 C,0,0,0,0, 0 W, 0 W, 0 W, 0 W, 0 W, 0 W, 1 W, 1 W, 0 W, 0 W, 97 W, 3 W, 16 W, 11 W, 0 W, 0 W, 0 W, 0 W, 0 W, 0 W, 0 W, 96 W, 63 W, 18 W, 3 W, 1 W, 0 W, 0 W, 0 W, 0 W, 0 W, 16 W,.000,.000,.000,.000,.000,.272,.009,.242,.000,.000,.256,.024,.143,.082,.000,.002,.001,.000,.000,.000,.000,.120,.088,.132,.021,.007,.000,.000,.000,.000,.000,.218
2014-07-16 21:55:31,25290,105,.0 C,.0 C,.0 C,.0 C,.0 C,.0 C,.0 C,.0 C,0,0,0,0, 0 W, 0 W, 0 W, 0 W, 0 W, 88 W, 1 W, 1 W, 0 W, 0 W, 96 W, 3 W, 16 W, 11 W, 0 W, 0 W, 0 W, 0 W, 0 W, 0 W, 0 W, 93 W, 63 W, 18 W, 3 W, 1 W, 0 W, 0 W, 0 W, 0 W, 0 W, 25 W,.000,.000,.000,.000,.000,.275,.009,.243,.000,.000,.259,.024,.144,.082,.000,.002,.001,.000,.000,.000,.000,.123,.090,.133,.021,.007,.000,.000,.000,.000,.000,.219
2014-07-16 21:57:31,25410,104.8,.0 C,.0 C,.0 C,.0 C,.0 C,.0 C,.0 C,.0 C,0,0,0,0, 0 W, 0 W, 0 W, 0 W, 0 W, 104 W, 1 W, 1 W, 0 W, 0 W, 95 W, 3 W, 16 W, 11 W, 0 W, 0 W, 0 W, 0 W, 0 W, 0 W, 0 W, 91 W, 63 W, 18 W, 3 W, 1 W, 0 W, 0 W, 0 W, 0 W, 0 W, 20 W,.000,.000,.000,.000,.000,.279,.009,.243,.000,.000,.262,.025,.145,.082,.000,.002,.001,.000,.000,.000,.000,.126,.092,.134,.021,.007,.000,.000,.000,.000,.000,.220
2014-07-16 21:59:31,25530,105,.0 C,.0 C,.0 C,.0 C,.0 C,.0 C,.0 C,.0 C,0,0,0,0, 0 W, 0 W, 0 W, 0 W, 0 W, 101 W, 1 W, 1 W, 0 W, 0 W, 94 W, 3 W, 16 W, 11 W, 0 W, 0 W, 0 W, 0 W, 0 W, 0 W, 0 W, 89 W, 63 W, 18 W, 3 W, 1 W, 0 W, 0 W, 0 W, 0 W, 0 W, 18 W,.000,.000,.000,.000,.000,.282,.009,.243,.000,.000,.266,.025,.145,.083,.000,.002,.001,.000,.000,.000,.000,.129,.094,.134,.021,.007,.000,.000,.000,.000,.000,.221
2014-07-16 22:01:31,25650,105.8,.0 C,.0 C,.0 C,.0 C,.0 C,.0 C,.0 C,.0 C,0,0,0,0, 0 W, 0 W, 0 W, 0 W, 0 W, 99 W, 1 W, 1 W, 0 W, 0 W, 94 W, 3 W, 16 W, 11 W, 0 W, 0 W, 0 W, 0 W, 0 W, 0 W, 0 W, 87 W, 64 W, 20 W, 3 W, 1 W, 0 W, 0 W, 0 W, 0 W, 0 W, 17 W,.000,.000,.000,.000,.000,.285,.009,.243,.000,.000,.269,.025,.146,.083,.000,.002,.001,.000,.000,.000,.000,.132,.096,.135,.021,.007,.000,.000,.000,.000,.000,.221
2014-07-16 22:03:31,25770,105.5,.0 C,.0 C,.0 C,.0 C,.0 C,.0 C,.0 C,.0 C,0,0,0,0, 0 W, 0 W, 0 W, 0 W, 0 W, 97 W, 1 W, 1 W, 0 W, 0 W, 35 W, 3 W, 16 W, 11 W, 0 W, 0 W, 0 W, 0 W, 0 W, 0 W, 0 W, 86 W, 64 W, 20 W, 3 W, 0 W, 0 W, 0 W, 0 W, 0 W, 0 W, 37 W,.000,.000,.000,.000,.000,.289,.009,.243,.000,.000,.270,.025,.146,.084,.000,.002,.001,.000,.000,.000,.000,.135,.098,.136,.022,.007,.000,.000,.000,.000,.000,.222
2014-07-16 22:05:31,25890,104.8,.0 C,.0 C,.0 C,.0 C,.0 C,.0 C,.0 C,.0 C,0,0,0,0, 0 W, 0 W, 0 W, 0 W, 0 W, 96 W, 1 W, 1 W, 0 W, 0 W, 0 W, 3 W, 16 W, 11 W, 0 W, 0 W, 0 W, 0 W, 0 W, 0 W, 0 W, 85 W, 63 W, 20 W, 3 W, 1 W, 0 W, 0 W, 0 W, 0 W, 0 W, 49 W,.000,.000,.000,.000,.000,.292,.009,.243,.000,.000,.270,.025,.147,.084,.000,.002,.001,.000,.000,.000,.000,.137,.101,.136,.022,.007,.000,.000,.000,.000,.000,.224
2014-07-16 22:07:31,26010,105.3,.0 C,.0 C,.0 C,.0 C,.0 C,.0 C,.0 C,.0 C,0,0,0,0, 0 W, 0 W, 0 W, 0 W, 0 W, 66 W, 1 W, 1 W, 0 W, 0 W, 0 W, 3 W, 16 W, 11 W, 0 W, 0 W, 0 W, 0 W, 0 W, 0 W, 0 W, 83 W, 63 W, 20 W, 3 W, 1 W, 0 W, 0 W, 0 W, 0 W, 0 W, 38 W,.000,.000,.000,.000,.000,.294,.009,.243,.000,.000,.270,.025,.147,.084,.000,.002,.001,.000,.000,.000,.000,.140,.103,.137,.022,.007,.000,.000,.000,.000,.000,.225
2014-07-16 22:09:31,26130,105.3,.0 C,.0 C,.0 C,.0 C,.0 C,.0 C,.0 C,.0 C,0,0,0,0, 0 W, 0 W, 0 W, 0 W, 0 W, 0 W, 1 W, 1 W, 0 W, 0 W, 0 W, 3 W, 16 W, 11 W, 0 W, 0 W, 0 W, 0 W, 0 W, 0 W, 0 W, 82 W, 63 W, 20 W, 3 W, 1 W, 0 W, 0 W, 0 W, 0 W, 0 W, 13 W,.000,.000,.000,.000,.000,.294,.009,.243,.000,.000,.270,.025,.148,.085,.000,.002,.001,.000,.000,.000,.000,.143,.105,.138,.022,.007,.000,.000,.000,.000,.000,.226
2014-07-16 22:11:31,26250,105.2,.0 C,.0 C,.0 C,.0 C,.0 C,.0 C,.0 C,.0 C,0,0,0,0, 0 W, 0 W, 0 W, 0 W, 0 W, 0 W, 1 W, 1 W, 0 W, 0 W, 0 W, 3 W, 16 W, 11 W, 0 W, 0 W, 0 W, 0 W, 0 W, 0 W, 0 W, 84 W, 63 W, 19 W, 3 W, 1 W, 0 W, 0 W, 0 W, 0 W, 0 W, 14 W,.000,.000,.000,.000,.000,.294,.009,.243,.000,.000,.270,.025,.148,.085,.000,.002,.001,.000,.000,.000,.000,.146,.107,.138,.022,.007,.000,.000,.000,.000,.000,.226
2014-07-16 22:13:31,26370,105,.0 C,.0 C,.0 C,.0 C,.0 C,.0 C,.0 C,.0 C,0,0,0,0, 0 W, 0 W, 0 W, 0 W, 0 W, 0 W, 1 W, 1 W, 0 W, 0 W, 0 W, 3 W, 16 W, 11 W, 0 W, 0 W, 0 W, 0 W, 0 W, 0 W, 0 W, 80 W, 63 W, 18 W, 3 W, 1 W, 0 W, 0 W, 0 W, 0 W, 0 W, 12 W,.000,.000,.000,.000,.000,.294,.009,.243,.000,.000,.270,.026,.149,.086,.000,.002,.001,.000,.000,.000,.000,.148,.109,.139,.022,.007,.000,.000,.000,.000,.000,.227
2014-07-16 22:15:31,26490,104.9,.0 C,.0 C,.0 C,.0 C,.0 C,.0 C,.0 C,.0 C,0,0,0,0, 0 W, 0 W, 0 W, 0 W, 0 W, 0 W, 1 W, 1 W, 0 W, 0 W, 0 W, 3 W, 16 W, 11 W, 0 W, 0 W, 0 W, 0 W, 0 W, 0 W, 0 W, 79 W, 63 W, 18 W, 3 W, 1 W, 0 W, 0 W, 0 W, 0 W, 0 W, 12 W,.000,.000,.000,.000,.000,.294,.009,.243,.000,.000,.270,.026,.149,.086,.000,.002,.001,.000,.000,.000,.000,.151,.111,.140,.022,.007,.000,.000,.000,.000,.000,.227
2014-07-16 22:17:31,26610,105.1,.0 C,.0 C,.0 C,.0 C,.0 C,.0 C,.0 C,.0 C,0,0,0,0, 0 W, 0 W, 0 W, 0 W, 0 W, 0 W, 1 W, 1 W, 0 W, 0 W, 0 W, 3 W, 16 W, 11 W, 0 W, 0 W, 0 W, 0 W, 0 W, 0 W, 0 W, 77 W, 63 W, 18 W, 3 W, 1 W, 0 W, 0 W, 0 W, 0 W, 0 W, 11 W,.000,.000,.000,.000,.000,.294,.009,.243,.000,.000,.270,.026,.150,.086,.000,.002,.001,.000,.000,.000,.000,.154,.113,.140,.022,.007,.000,.000,.000,.000,.000,.228
2014-07-16 22:19:31,26730,105.1,.0 C,.0 C,.0 C,.0 C,.0 C,.0 C,.0 C,.0 C,0,0,0,0, 0 W, 0 W, 0 W, 0 W, 0 W, 0 W, 1 W, 1 W, 0 W, 0 W, 0 W, 3 W, 16 W, 11 W, 0 W, 0 W, 0 W, 0 W, 0 W, 0 W, 0 W, 82 W, 63 W, 18 W, 3 W, 1 W, 0 W, 0 W, 0 W, 0 W, 0 W, 11 W,.000,.000,.000,.000,.000,.294,.009,.243,.000,.000,.270,.026,.150,.087,.000,.002,.001,.000,.000,.000,.000,.156,.115,.141,.022,.007,.000,.000,.000,.000,.000,.228
2014-07-16 22:21:31,26850,104.6,.0 C,.0 C,.0 C,.0 C,.0 C,.0 C,.0 C,.0 C,0,0,0,0, 0 W, 0 W, 0 W, 0 W, 0 W, 0 W, 1 W, 1 W, 0 W, 0 W, 0 W, 3 W, 16 W, 11 W, 0 W, 0 W, 0 W, 0 W, 0 W, 0 W, 0 W, 76 W, 63 W, 18 W, 3 W, 0 W, 0 W, 0 W, 0 W, 0 W, 0 W, 13 W,.000,.000,.000,.000,.000,.294,.009,.243,.000,.000,.270,.026,.151,.087,.000,.002,.001,.000,.000,.000,.000,.159,.118,.141,.022,.007,.000,.000,.000,.000,.000,.228
2014-07-16 22:23:31,26970,105,.0 C,.0 C,.0 C,.0 C,.0 C,.0 C,.0 C,.0 C,0,0,0,0, 0 W, 0 W, 0 W, 0 W, 0 W, 0 W, 1 W, 1 W, 0 W, 0 W, 0 W, 3 W, 16 W, 11 W, 0 W, 0 W, 0 W, 0 W, 0 W, 0 W, 0 W, 78 W, 63 W, 18 W, 3 W, 1 W, 0 W, 0 W, 0 W, 0 W, 0 W, 11 W,.000,.000,.000,.000,.000,.294,.010,.243,.000,.000,.270,.026,.151,.088,.000,.002,.001,.000,.000,.000,.000,.162,.120,.142,.023,.007,.000,.000,.000,.000,.000,.229
2014-07-16 22:25:31,27090,105.4,.0 C,.0 C,.0 C,.0 C,.0 C,.0 C,.0 C,.0 C,0,0,0,0, 0 W, 0 W, 0 W, 0 W, 0 W, 0 W, 1 W, 1 W, 0 W, 0 W, 10 W, 3 W, 16 W, 11 W, 0 W, 0 W, 0 W, 0 W, 0 W, 0 W, 0 W, 81 W, 63 W, 19 W, 3 W, 1 W, 0 W, 0 W, 0 W, 0 W, 0 W, 14 W,.000,.000,.000,.000,.000,.294,.010,.243,.000,.000,.270,.026,.152,.088,.000,.002,.001,.000,.000,.000,.000,.164,.122,.143,.023,.007,.000,.000,.000,.000,.000,.229
2014-07-16 22:27:31,27210,105.2,.0 C,.0 C,.0 C,.0 C,.0 C,.0 C,.0 C,.0 C,0,0,0,0, 0 W, 0 W, 0 W, 0 W, 0 W, 0 W, 1 W, 1 W, 0 W, 0 W, 110 W, 3 W, 16 W, 11 W, 0 W, 0 W, 0 W, 0 W, 0 W, 0 W, 0 W, 76 W, 63 W, 18 W, 3 W, 0 W, 0 W, 0 W, 0 W, 0 W, 0 W, 27 W,.000,.000,.000,.000,.000,.294,.010,.243,.000,.000,.274,.026,.153,.088,.000,.002,.001,.000,.000,.000,.000,.167,.124,.143,.023,.008,.000,.000,.000,.000,.000,.230
2014-07-16 22:29:31,27330,105.3,.0 C,.0 C,.0 C,.0 C,.0 C,.0 C,.0 C,.0 C,0,0,0,0, 0 W, 0 W, 0 W, 0 W, 0 W, 0 W, 1 W, 48 W, 0 W, 0 W, 98 W, 3 W, 16 W, 11 W, 0 W, 0 W, 0 W, 0 W, 0 W, 0 W, 0 W, 75 W, 64 W, 18 W, 3 W, 0 W, 0 W, 0 W, 0 W, 0 W, 0 W, 25 W,.000,.000,.000,.000,.000,.294,.010,.245,.000,.000,.277,.027,.153,.089,.000,.002,.001,.000,.000,.000,.000,.169,.126,.144,.023,.008,.000,.000,.000,.000,.000,.231
2014-07-16 22:31:31,27450,105.5,.0 C,.0 C,.0 C,.0 C,.0 C,.0 C,.0 C,.0 C,0,0,0,0, 0 W, 0 W, 0 W, 0 W, 0 W, 0 W, 1 W, 101 W, 0 W, 0 W, 96 W, 3 W, 16 W, 11 W, 0 W, 0 W, 0 W, 0 W, 0 W, 0 W, 0 W, 78 W, 64 W, 18 W, 3 W, 1 W, 0 W, 0 W, 0 W, 0 W, 0 W, 11 W,.000,.000,.000,.000,.000,.294,.010,.248,.000,.000,.280,.027,.154,.089,.000,.002,.001,.000,.000,.000,.000,.172,.128,.145,.023,.008,.000,.000,.000,.000,.000,.231
2014-07-16 22:33:31,27570,105.1,.0 C,.0 C,.0 C,.0 C,.0 C,.0 C,.0 C,.0 C,0,0,0,0, 0 W, 0 W, 0 W, 0 W, 0 W, 0 W, 1 W, 96 W, 0 W, 0 W, 95 W, 3 W, 16 W, 11 W, 0 W, 0 W, 0 W, 0 W, 0 W, 0 W, 0 W, 72 W, 64 W, 18 W, 3 W, 1 W, 0 W, 0 W, 0 W, 0 W, 0 W, 9 W,.000,.000,.000,.000,.000,.294,.010,.251,.000,.000,.284,.027,.154,.089,.000,.002,.001,.000,.000,.000,.000,.174,.130,.145,.023,.008,.000,.000,.000,.000,.000,.232
2014-07-16 22:35:31,27690,105,.0 C,.0 C,.0 C,.0 C,.0 C,.0 C,.0 C,.0 C,0,0,0,0, 0 W, 0 W, 0 W, 0 W, 0 W, 0 W, 1 W, 93 W, 0 W, 0 W, 94 W, 3 W, 16 W, 11 W, 0 W, 0 W, 0 W, 0 W, 0 W, 0 W, 0 W, 68 W, 63 W, 18 W, 3 W, 0 W, 0 W, 0 W, 0 W, 0 W, 0 W, 7 W,.000,.000,.000,.000,.000,.294,.010,.255,.000,.000,.287,.027,.155,.090,.000,.002,.001,.000,.000,.000,.000,.177,.132,.146,.023,.008,.000,.000,.000,.000,.000,.232
2014-07-16 22:37:31,27810,105.4,.0 C,.0 C,.0 C,.0 C,.0 C,.0 C,.0 C,.0 C,0,0,0,0, 0 W, 0 W, 0 W, 0 W, 0 W, 0 W, 1 W, 92 W, 0 W, 0 W, 93 W, 3 W, 16 W, 11 W, 0 W, 0 W, 0 W, 0 W, 0 W, 0 W, 0 W, 68 W, 63 W, 18 W, 3 W, 1 W, 0 W, 0 W, 0 W, 0 W, 0 W, 7 W,.000,.000,.000,.000,.000,.294,.010,.258,.000,.000,.290,.027,.155,.090,.000,.002,.001,.000,.000,.000,.000,.179,.135,.146,.023,.008,.000,.000,.000,.000,.000,.232
2014-07-16 22:39:31,27930,105.4,.0 C,.0 C,.0 C,.0 C,.0 C,.0 C,.0 C,.0 C,0,0,0,0, 0 W, 0 W, 0 W, 0 W, 0 W, 0 W, 1 W, 60 W, 0 W, 0 W, 54 W, 3 W, 16 W, 11 W, 0 W, 0 W, 0 W, 0 W, 0 W, 0 W, 0 W, 68 W, 63 W, 19 W, 3 W, 1 W, 0 W, 0 W, 0 W, 0 W, 0 W, 10 W,.000,.000,.000,.000,.000,.294,.010,.260,.000,.000,.292,.027,.156,.091,.000,.002,.001,.000,.000,.000,.000,.181,.137,.147,.023,.008,.000,.000,.000,.000,.000,.233
2014-07-16 22:41:31,28050,104.7,.0 C,.0 C,.0 C,.0 C,.0 C,.0 C,.0 C,.0 C,0,0,0,0, 0 W, 0 W, 0 W, 0 W, 0 W, 36 W, 1 W, 4 W, 0 W, 0 W, 0 W, 3 W, 16 W, 11 W, 0 W, 0 W, 0 W, 0 W, 0 W, 0 W, 0 W, 68 W, 63 W, 18 W, 3 W, 0 W, 0 W, 0 W, 0 W, 0 W, 0 W, 22 W,.000,.000,.000,.000,.000,.295,.010,.260,.000,.000,.292,.027,.156,.091,.000,.002,.001,.000,.000,.000,.000,.183,.139,.148,.023,.008,.000,.000,.000,.000,.000,.233
2014-07-16 22:43:31,28170,105,.0 C,.0 C,.0 C,.0 C,.0 C,.0 C,.0 C,.0 C,0,0,0,0, 0 W, 0 W, 0 W, 0 W, 0 W, 110 W, 1 W, 4 W, 0 W, 0 W, 0 W, 3 W, 16 W, 11 W, 0 W, 0 W, 0 W, 0 W, 0 W, 0 W, 0 W, 68 W, 63 W, 19 W, 3 W, 1 W, 0 W, 0 W, 0 W, 0 W, 0 W, 49 W,.000,.000,.000,.000,.000,.299,.010,.260,.000,.000,.292,.027,.157,.091,.000,.002,.001,.000,.000,.000,.000,.186,.141,.148,.024,.008,.000,.000,.000,.000,.000,.235
2014-07-16 22:45:31,28290,105.1,.0 C,.0 C,.0 C,.0 C,.0 C,.0 C,.0 C,.0 C,0,0,0,0, 0 W, 0 W, 0 W, 0 W, 0 W, 102 W, 1 W, 4 W, 0 W, 0 W, 0 W, 3 W, 16 W, 11 W, 0 W, 0 W, 0 W, 0 W, 0 W, 0 W, 0 W, 68 W, 63 W, 20 W, 3 W, 1 W, 0 W, 0 W, 0 W, 0 W, 0 W, 47 W,.000,.000,.000,.000,.000,.303,.010,.260,.000,.000,.292,.028,.157,.092,.000,.002,.001,.000,.000,.000,.000,.188,.143,.149,.024,.008,.000,.000,.000,.000,.000,.237
2014-07-16 22:47:31,28410,104.9,.0 C,.0 C,.0 C,.0 C,.0 C,.0 C,.0 C,.0 C,0,0,0,0, 0 W, 0 W, 0 W, 0 W, 0 W, 100 W, 1 W, 4 W, 0 W, 0 W, 0 W, 3 W, 16 W, 11 W, 0 W, 0 W, 0 W, 0 W, 0 W, 0 W, 0 W, 68 W, 63 W, 20 W, 3 W, 0 W, 0 W, 0 W, 0 W, 0 W, 0 W, 46 W,.000,.000,.000,.000,.000,.306,.010,.260,.000,.000,.292,.028,.158,.092,.000,.002,.001,.000,.000,.000,.000,.190,.145,.150,.024,.008,.000,.000,.000,.000,.000,.238
2014-07-16 22:49:31,28530,104.7,.0 C,.0 C,.0 C,.0 C,.0 C,.0 C,.0 C,.0 C,0,0,0,0, 0 W, 0 W, 0 W, 0 W, 0 W, 98 W, 1 W, 4 W, 0 W, 0 W, 0 W, 3 W, 16 W, 11 W, 0 W, 0 W, 0 W, 0 W, 0 W, 0 W, 0 W, 68 W, 63 W, 20 W, 3 W, 0 W, 0 W, 0 W, 0 W, 0 W, 0 W, 45 W,.000,.000,.000,.000,.000,.309,.010,.260,.000,.000,.292,.028,.158,.093,.000,.002,.001,.000,.000,.000,.000,.193,.147,.150,.024,.008,.000,.000,.000,.000,.000,.240
2014-07-16 22:51:31,28650,104.9,.0 C,.0 C,.0 C,.0 C,.0 C,.0 C,.0 C,.0 C,0,0,0,0, 0 W, 0 W, 0 W, 0 W, 0 W, 97 W, 1 W, 80 W, 0 W, 0 W, 0 W, 3 W, 16 W, 11 W, 0 W, 0 W, 0 W, 0 W, 0 W, 0 W, 0 W, 68 W, 63 W, 20 W, 3 W, 1 W, 0 W, 0 W, 0 W, 0 W, 0 W, 73 W,.000,.000,.000,.000,.000,.312,.010,.263,.000,.000,.292,.028,.159,.093,.000,.002,.001,.000,.000,.000,.000,.195,.149,.151,.024,.008,.000,.000,.000,.000,.000,.242
2014-07-16 22:53:31,28770,105.4,.0 C,.0 C,.0 C,.0 C,.0 C,.0 C,.0 C,.0 C,0,0,0,0, 0 W, 0 W, 0 W, 0 W, 0 W, 95 W, 1 W, 105 W, 0 W, 0 W, 0 W, 3 W, 16 W, 11 W, 0 W, 0 W, 0 W, 0 W, 0 W, 0 W, 0 W, 68 W, 64 W, 19 W, 3 W, 1 W, 0 W, 0 W, 0 W, 0 W, 0 W, 81 W,.000,.000,.000,.000,.000,.316,.010,.266,.000,.000,.292,.028,.160,.093,.000,.002,.001,.000,.000,.000,.000,.197,.152,.152,.024,.008,.000,.000,.000,.000,.000,.245
2014-07-16 22:55:31,28890,105.6,.0 C,.0 C,.0 C,.0 C,.0 C,.0 C,.0 C,.0 C,0,0,0,0, 0 W, 0 W, 0 W, 0 W, 0 W, 10 W, 1 W, 103 W, 0 W, 0 W, 6 W, 3 W, 16 W, 11 W, 0 W, 0 W, 0 W, 0 W, 0 W, 0 W, 0 W, 40 W, 64 W, 18 W, 3 W, 1 W, 0 W, 0 W, 0 W, 0 W, 0 W, 36 W,.000,.000,.000,.000,.000,.316,.010,.270,.000,.000,.292,.028,.160,.094,.000,.002,.001,.000,.000,.000,.000,.199,.154,.152,.024,.008,.000,.000,.000,.000,.000,.246
2014-07-16 22:57:31,29010,105.5,.0 C,.0 C,.0 C,.0 C,.0 C,.0 C,.0 C,.0 C,0,0,0,0, 0 W, 0 W, 0 W, 0 W, 0 W, 0 W, 1 W, 98 W, 0 W, 0 W, 7 W, 3 W, 16 W, 11 W, 0 W, 0 W, 0 W, 0 W, 0 W, 0 W, 0 W, 35 W, 80 W, 19 W, 3 W, 1 W, 0 W, 0 W, 0 W, 0 W, 0 W, 22 W,.000,.000,.000,.000,.000,.316,.010,.273,.000,.000,.292,.028,.161,.094,.000,.002,.001,.000,.000,.000,.000,.200,.156,.153,.024,.008,.000,.000,.000,.000,.000,.247
2014-07-16 22:59:31,29130,105.7,.0 C,.0 C,.0 C,.0 C,.0 C,.0 C,.0 C,.0 C,0,0,0,0, 0 W, 0 W, 0 W, 0 W, 0 W, 0 W, 1 W, 94 W, 0 W, 0 W, 0 W, 3 W, 16 W, 11 W, 0 W, 0 W, 0 W, 0 W, 0 W, 0 W, 0 W, 3 W, 87 W, 18 W, 3 W, 1 W, 0 W, 0 W, 0 W, 0 W, 0 W, 9 W,.000,.000,.000,.000,.000,.316,.010,.276,.000,.000,.292,.028,.161,.095,.000,.002,.001,.000,.000,.000,.000,.200,.159,.154,.024,.008,.000,.000,.000,.000,.000,.247
2014-07-16 23:01:31,29250,105.7,.0 C,.0 C,.0 C,.0 C,.0 C,.0 C,.0 C,.0 C,0,0,0,0, 0 W, 0 W, 0 W, 0 W, 0 W, 0 W, 1 W, 92 W, 0 W, 0 W, 0 W, 3 W, 16 W, 11 W, 0 W, 0 W, 0 W, 0 W, 0 W, 0 W, 0 W, 3 W, 68 W, 18 W, 3 W, 0 W, 0 W, 0 W, 0 W, 0 W, 0 W, 16 W,.000,.000,.000,.000,.000,.316,.010,.279,.000,.000,.292,.029,.162,.095,.000,.002,.001,.000,.000,.000,.000,.200,.162,.154,.024,.008,.000,.000,.000,.000,.000,.248
